1816 3233
654 221 960 259 —129-

101 330 402 378 sollieitudinem
433 342 456 367 a
485 342 529 368 se
558 335 738 368 avortere
769 331 997 377 potuissem.
1060 334 1320 370 offensionem
1352 335 1512 381 diutius,

100 385 322 433 quampro'
342 390 480 424 vetere,
502 398 643 434 amore,
673 388 710 423 in
742 389 870 423 animo
901 389 1252 438 eiushaerentem,
1283 395 1408 426 tamen
1438 392 1509 427 ad-

101 445 241 479 ventus
274 453 403 490 meus,
445 454 560 490 quum
591 446 704 480 sexto
734 443 826 479 inde
855 454 1009 490 mense,
1053 447 1158 481 fama
1187 447 1236 481 de
1266 446 1352 482 eius
1380 448 1510 483 morbo

98 499 145 534 ad
188 509 249 535 me
285 500 426 547 allata,
456 510 542 536 eum
579 499 816 548 inviserem,
849 500 905 535 ita
934 501 1115 536 abstersit
1155 502 1266 547 quasi
1306 513 1510 549 numquam

98 559 283 601 suscepta
324 556 480 591 fuisset.
536 556 701 591 Morbus
740 566 827 591 eum
868 556 1023 592 biennio
1062 560 1150 602 post
1188 558 1361 594 abstulit.
1431 560 1508 595 Sed

98 611 146 646 de
178 611 251 647 hac
280 616 473 658 postrema
503 611 610 647 vitae
648 615 758 657 parte
799 616 838 647 et
873 613 981 649 exitu
1023 612 1177 649 dicendi
1217 615 1292 649 erit
1330 615 1440 650 locus
1471 616 1510 651 in

97 667 182 712 ipso
212 667 329 704 huius
358 667 482 705 libelli
513 668 634 704 exitu.
1028 677 1039 687 ⁴
1295 664 1297 666 ’

211 723 262 758 Et
292 734 364 760 nos
394 723 702 769 quandoquidem
735 723 809 766 viri
841 723 982 772 vitam,
1008 725 1237 760 enarrandis
1267 726 1352 761 eius
1383 727 1513 774 rebus,

101 777 243 826 factis,
283 779 471 828 scriptis,
511 781 692 815 fortunae
722 773 1088 828 vicissitudinibus,
1120 791 1188 826 per
1224 791 1411 817 annorum
1446 793 1512 818 se-
1527 777 1608 814 216

94 833 188 869 riem
219 835 267 870 ab
299 835 411 870 initio
440 835 489 869 ad
526 838 737 871 extremam
780 837 945 870 aetatem
977 836 1233 883 deduximus3
1281 847 1357 882 quo
1396 838 1504 873 inte—

95 889 176 924 rius
207 899 316 935 eum,
355 884 434 936 et,
457 890 581 935 quoad
623 890 708 924 eius
748 890 834 925 fieri
865 894 1013 937 potest,
1057 894 1177 926 totum
1209 901 1509 940 cognoscamus,

93 954 167 989 quo
196 945 342 981 certius
373 946 458 981 eius
487 945 792 992 magnitudinem
825 947 1096 993 aestimemus,
1127 956 1202 994 age
1233 958 1300 982 eas
1333 951 1508 997 naturae,

92 1000 315 1046 doctrinae,
345 1001 480 1047 animi,
513 1010 736 1046 morumque
767 1001 878 1036 dotes
916 1012 963 1037 ac
993 1002 1181 1049 virtutes,
1222 1013 1321 1048 quae
1353 1014 1427 1039 non
1459 1005 1507 1039 ad

92 1066 207 1091 unum
248 1057 438 1102 quoddam
478 1060 630 1103 tempus
670 1057 906 1103 adstrictae,
944 1058 982 1093 in
1014 1058 1110 1106 illa,
1148 1069 1260 1103 quam
1304 1060 1508 1105 hueusque

92 1113 291 1157 persecuti
320 1123 480 1166 sumus,
519 1114 629 1158 quasi
661 1113 858 1148 annalium
888 1114 1104 1161 relatione,
1148 1119 1214 1150 aut
1244 1115 1411 1151 omissae
1441 1119 1509 1151 aut

93 1167 236 1204 leviter
274 1172 432 1204 notatae
473 1172 583 1216 sunt,
628 1169 695 1204 sed
743 1180 812 1215 per
855 1172 972 1205 totam
1011 1170 1116 1205 vitae
1158 1170 1349 1206 actionem
1390 1173 1505 1207 fusae

89 1223 167 1258 late
199 1226 425 1270 patuerunt,
464 1235 558 1260 suos
589 1234 765 1270 quasque
780 1222 818 1272 *)
851 1226 890 1261 in
919 1226 1026 1262 locos
1058 1226 1250 1274 digestaS,
1288 1227 1502 1274 legentium

90 1280 308 1328 cognitioni
337 1279 602 1316 subiiciamus.

175 1336 238 1372 Ac
268 1336 430 1382 primum
468 1334 622 1382 quidem
652 1337 934 1383 intelliqentiae
965 1341 1001 1373 et
1033 1338 1294 1384 coyz’tate'onis,
1329 1348 1403 1383 quo
1436 1348 1502 1373 no-

90 1391 194 1427 mine
221 1402 373 1428 omnem
402 1393 668 1440 cognoscendi
699 1394 925 1429 facultatem
957 1394 1250 1441 significamus,
1291 1394 1504 1429 naturalem

91 1447 226 1483 habuit
257 1448 511 1484 facilitatem:
551 1459 650 1494 quae
679 1449 754 1494 ipsi
790 1450 984 1500 facilitas,
1014 1452 1055 1484 ut
1088 1450 1317 1495 reliquarum
1352 1450 1506 1485 intelli-

86 1503 245 1551 gentiae
276 1505 525 1554 facultatum,
564 1505 620 1540 ita
649 1506 768 1541 animi
799 1506 926 1541 dotum
960 1516 1204 1552 morumque,
1237 1508 1322 1541 fons
1355 1506 1429 1541 fuit
1460 1517 1505 1540 a(-

89 1559 330 1605 principium'.
400 1562 548 1597 Sensus
594 1562 768 1608 corporis
818 1567 929 1596 erant
967 1562 1170 1608 valentes,
1217 1572 1302 1596 cum
1351 1561 1504 1606 reliqui,

87 1619 166 1650 tum
200 1615 418 1652 doctissimi
449 1616 524 1666 illi,
555 1617 666 1652 visus
697 1621 736 1651 et:
766 1618 935 1661 auditus,
969 1617 1022 1652 ita
1046 1628 1170 1661 acreS,
1204 1622 1242 1652 ut
1275 1622 1312 1652 ct
1344 1617 1504 1664 longin-

87 1681 185 1716 quas
233 1682 297 1707 res
347 1682 487 1719 magno
529 1682 576 1708 ex
615 1673 822 1707 intervallo
868 1673 1133 1719 perciperent,
1186 1675 1224 1707 et
1270 1674 1504 1718 propinquas

88 1727 271 1763 continuo
313 1738 387 1763 non
418 1728 541 1763 solum
574 1729 708 1774 plene,
752 1729 820 1763 sed
862 1729 977 1764 etiam
1018 1729 1253 1764 articulatim
1295 1729 1503 1763 distincte-

86 1793 183 1828 que,
226 1783 586 1829 complecterentur.
657 1784 869 1829 Utrumque
908 1785 955 1818 ad
995 1784 1231 1831 elegantiam
1272 1784 1502 1819 adolescens

87 1842 269 1891 acuerat,
322 1839 485 1875 alterum
531 1838 729 1890 Musices,
778 1840 943 1875 alterum
988 1840 1209 1886 Graphices
1259 1840 1501 1876 tractatione.

84 1897 231 1931 Horum
271 1887 394 1930 a'ciem
435 1906 618 1931 sensuum
662 1896 764 1938 haud
807 1897 889 1930 fere
928 1899 1089 1931 externa
1130 1907 1191 1931 res
1225 1896 1423 1942 fugiebat:
1466 1900 1504 1930 et

87 1951 229 1986 mentis
259 1962 306 1987 ea
336 1954 419 1987 erat
439 1952 612 1998 agilitas,
643 1955 685 1986 ut
715 1952 765 1986 iis
796 1952 928 1985 statim
948 1954 1181 1997 moveretur,
1212 1951 1366 1995 vimque
1392 1961 1501 1986 suam

83 2007 261 2043 vicissim
302 2007 340 2042 in
373 2018 442 2042 eas
473 2007 705 2051 intenderet,
738 2017 947 2051 earumque
977 2006 1171 2054 imagines
1201 2007 1241 2041 in
1273 2017 1337 2049 se,
1380 2007 1502 2041 veluti

84 2063 122 2098 in
154 2074 268 2108 cera,
308 2073 519 2109 expressas
555 2063 788 2107 susci-peret.
847 2063 959 2102 Unde
995 2064 1212 2098 exsistebat
1250 2063 1431 2097 docilitas
1461 2065 1497 2098 et
1519 2063 1599 2098 217

85 2119 269 2154 celeritas
309 2119 355 2153 ad
388 2119 674 2164 arripiendum,
720 2118 919 2164 capacitas
959 2120 1004 2153 ad
1046 2118 1329 2154 multitudinem
1375 2128 1501 2153 rerum

85 2175 506 2221 comprehendendam,
543 2175 640 2210 fides
670 2174 716 2209 ad
751 2175 953 2210 custodiae
985 2175 1292 2210 diuturnitatem.
1353 2176 1502 2210 Paucos

85 2230 255 2278 cognovi
293 2230 488 2272 homines,
532 2231 596 2275 qui
635 2233 739 2265 tanta
791 2231 974 2265 memoria
1016 2231 1204 2266 valerent.
1265 2230 1501 2275 Quamquam

86 2287 202 2322 huius
234 2282 436 2322 felicitatis
467 2286 676 2321 adhibebat
715 2287 962 2331 praecipuam
996 2286 1222 2321 adiutricem
1242 2313 1250 2327 ‚
1291 2285 1392 2321 lecta
1423 2286 1503 2320 ani-

83 2343 366 2388 madversaque
394 2343 601 2378 annotandi
633 2345 670 2377 et
700 2342 738 2376 in
779 2339 1009 2377 adversaria
1048 2341 1246 2377 referendi
1286 2345 1501 2377 consuetu-

87 2398 228 2434 dinem.
283 2399 360 2434 Sed
392 2402 430 2434 et
459 2398 619 2434 aliarum
651 2407 803 2447 rerum,
832 2397 970 2442 quibus
1003 2398 1108 2433 nulla
1139 2397 1346 2434 adhibetur
1375 2407 1502 2433 anno—

84 2454 203 2496 tatio,
233 2457 351 2490 tenax
382 2457 467 2490 erat
498 2454 703 2497 memoria⁷
745 2463 827 2488 cum
870 2454 1057 2499 legendo,
1096 2457 1172 2489 tum
1206 2453 1399 2488 audiendo
1430 2463 1501 2487 ac-

83 2513 293 2555 ceptarum.
350 2509 488 2545 Veluti
517 2509 727 2545 Historiam
760 2509 815 2543 rei
847 2510 1243 2554 publicaessatavae,
1274 2518 1503 2554 quamquam

84 2575 158 2600 non
191 2565 366 2602 tradebat
400 2567 438 2601 in
471 2565 642 2613 scholis,
675 2568 826 2609 tamen,
861 2565 959 2600 haud
994 2576 1111 2600 secus
1144 2568 1258 2610 atque
1291 2563 1501 2600 Historiam

84 2621 376 2667 Universalem,
429 2622 606 2657 tenebat:
662 2631 725 2656 res
767 2622 904 2667 gestas
944 2621 982 2656 in
1023 2621 1139 2656 editis
1179 2619 1287 2655 libris
1337 2620 1502 2655 nondum

84 2676 282 2723 proditas,
321 2677 496 2724 gentium
539 2677 746 2712 illustrium
778 2676 1058 2722 cognationes,
1086 2676 1317 2722 affinitates,
1349 2685 1505 2715 arcana,

83 2733 140 2768 ita
169 2736 301 2777 norat,
347 2736 390 2768 ut
427 2734 540 2779 pauci
576 2733 716 2778 (unibus
757 2732 828 2767 hoc
866 2742 981 2767 unum
1019 2735 1078 2767 est
1108 2732 1293 2768 studium.
1356 2731 1503 2765 Caete-

81 2838 117 2879 *)
145 2841 270 2872 Adhuc
294 2842 478 2881 legebatur
501 2851 667 2882 quo-eque.
724 2841 793 2871 FB.
