1833 3237
640 215 977 255 -55—

101 331 151 366 de
187 329 360 365 Doctores
401 329 632 365 umbratico.
664 326 703 375 *J
784 330 829 364 lu
873 328 991 364 simili
1041 331 1122 365 sere
1160 335 1393 378 argumento
1433 335 1517 367 erat

55 414 58 416 v
102 380 377 430 Menkenii**)
408 383 628 430 Lipsiensis
653 384 809 420 libellus
832 385 881 420 de
915 385 1220 422 Chorlalaueria
1239 387 1514 433 Erudc'lorum‚

101 444 141 476 et
182 440 329 476 Huberi
360 440 649 485 Franequerani
687 440 967 476 Antecessoris
1007 441 1056 476 de
1086 442 1354 480 Pedanlismo.
1414 443 1515 487 Qui-

102 497 175 533 bus
210 496 428 532 nominibus
457 495 614 532 minime
644 496 797 532 Latinis
829 496 920 541 quid
951 496 1220 547 significetur,
1252 508 1325 534 non
1357 502 1416 534 est
1446 508 1517 534 cur

102 552 367 599 explicemus3
397 551 707 598 quandoquidem
739 552 910 598 quotidie
941 562 1016 587 non
1048 553 1172 589 solum
1205 555 1358 590 nomina
1397 554 1515 590 audi-

101 618 209 655 muS,
249 608 318 644 sed
357 618 420 643 res
448 607 556 654 ipsas
588 607 777 643 videmus.
836 608 1061 644 Ruhnkenii
1103 609 1206 645 aliud
1238 615 1320 646 erat
1349 611 1513 646 institu-

103 667 196 700 tum.
252 664 351 699 Nam
390 666 433 699 ut
471 663 689 708 complures
729 664 767 699 in
799 665 971 700 moribus
1001 665 1253 701 Eruditorum
1295 667 1381 702 sive
1411 670 1580 712 sunt,90

101 719 189 755 sive
218 729 309 756 esse
338 719 541 765 dicuntur,
570 719 765 766 ineptiae;
796 720 850 756 ita
880 719 968 766 ipse
997 730 1126 756 eorum
1158 723 1343 768 probabat
1371 732 1514 770 genus,

101 775 142 811 in
172 784 297 821 eoque
327 778 366 811 et
396 785 534 811 nomen
565 776 816 822 profitebatur
835 786 948 811 suum
977 779 1016 811 et
1046 780 1087 811 ut
1116 781 1345 814 censeretur
1374 778 1516 814 stude-

100 831 189 877 bat,
219 831 285 877 qui
313 832 353 867 in
384 835 557 867 neutram
589 835 735 876 partem
767 832 1104 879 conspicerentur,
1136 833 1201 878 qui
1230 836 1268 869 et
1299 834 1337 870 in
1369 834 1516 870 Literis

99 889 140 922 et
168 887 274 922 vitae
302 886 587 922 consuetudine
617 886 814 922 minimum
846 888 1036 923 haberent
1062 888 1314 934 ineptiarum,
1347 890 1515 937 elegan-

102 942 180 978 tiae
216 952 263 978 ac
301 941 435 978 decori
475 952 548 977 nec
586 941 811 989 ignorantia
854 946 920 978 aut
960 943 1228 991 negligentia,
1270 955 1342 979 nec
1381 945 1518 991 putida

100 998 349 1034 affectatione
392 1000 631 1034 notarentur.
715 998 933 1034 Literarum
977 999 1171 1035 doctorem
1212 1000 1369 1036 volebat
1415 1011 1516 1046 eum,

99 1053 167 1099 qui
197 1063 330 1090 earum
369 1059 405 1089 et
437 1053 701 1101 cognitionem
734 1054 885 1090 ratione
924 1058 1095 1100 teneret,
1137 1059 1175 1091 et
1214 1055 1515 1101 pulcritudinem

100 1119 222 1145 sensu
261 1109 505 1156 perciperet,
551 1113 753 1155 utramque
799 1110 840 1146 in
879 1110 1005 1146 lucem
1053 1116 1257 1157 promeret,
1307 1112 1345 1147 in
1386 1122 1515 1147 venu-

100 1165 264 1201 stiorum
305 1165 498 1201 bominum
544 1166 836 1212 principumque
877 1166 1050 1202 civitatis
1089 1167 1258 1203 virorum
1275 1168 1515 1204 ‘consuetu-

99 1221 229 1257 dinem
260 1220 513 1267 produceret,
544 1221 592 1256 ad
624 1231 771 1257 morum
802 1222 1039 1269 elegantiam
1070 1224 1258 1268 referret,
1289 1223 1336 1258 ad
1367 1233 1516 1259 omnem

100 1276 208 1313 vitae
261 1287 375 1313 usum
433 1276 774 1324 conditionemque
831 1278 1160 1322 accommodaret,
1225 1282 1264 1315 et
1313 1280 1517 1315 Socratica

101 1333 254 1369 ratione
283 1333 508 1380 popularem
528 1333 723 1370 redderet.
784 1335 868 1370 Hoc
887 1334 954 1380 qui
987 1344 1059 1370 non
1090 1338 1251 1383 ageret,
1280 1334 1367 1371 sine
1397 1345 1517 1370 seusu

100 1389 321 1436 iudicioque
360 1389 486 1436 pulcri
518 1389 671 1426 Literas
701 1392 912 1438 tractaret,
950 1390 1038 1437 ipse
1078 1392 1238 1440 pinguis
1282 1401 1519 1437 crassusque

98 1509 128 1549 ’)
153 1510 352 1543 Ductorem
375 1511 634 1550 umbraticum,
658 1513 729 1543 ista
751 1511 889 1552 quidem
908 1513 942 1542 in
973 1514 1100 1544 malam
1122 1515 1256 1552 partem
1274 1516 1388 1543 sumta
1404 1513 1518 1551 signi-

142 1566 324 1603 ficatione,
355 1574 458 1606 quern
492 1567 713 1598 intellexerit
737 1567 984 1608 Ruhnkenius,
1017 1569 1084 1599 hoc
1119 1569 1198 1599 loco
1225 1569 1339 1598 minus
1363 1567 1517 1598 dilucide

141 1621 358 1661 explicitum,
394 1623 432 1653 iu
461 1622 577 1653 altera
600 1626 731 1662 autem,
765 1625 798 1654 si
822 1623 971 1663 quando,
996 1624 1098 1654 huius
1124 1624 1229 1654 Vitae
1253 1622 1409 1654 editione
1433 1623 1518 1653 dili-

142 1677 286 1717 gentius
312 1677 590 1717 retractandum,
616 1680 739 1716 postea
764 1678 933 1709 disertius
958 1678 1047 1710 dixit
1070 1679 1372 1718 wyttenbachius
1398 1678 1520 1709 Philo-

143 1732 298 1763 mathiae
323 1733 362 1762 [Aa
387 1732 414 1762 Ι.
440 1740 472 1770 p.
503 1731 646 1763 10-15.
670 1740 715 1763 ex
739 1734 887 1773 eiusque
910 1736 1086 1765 sententia
1112 1735 1255 1764 uberius
1287 1734 1518 1764 declararunt

142 1787 290 1818 sodales
308 1787 564 1828 Pltilomathiae
588 1791 624 1817 et
640 1787 692 1819 Cl.
717 1788 883 1818 Matinius
907 1790 941 1818 in
962 1790 1092 1820 Annot.
1117 1788 1159 1819 ad
1186 1789 1379 1819 eorundem
1396 1789 1521 1828 Epist.,

143 1843 234 1874 locis
259 1842 412 1874 laudatis
450 1844 486 1873 in
513 1842 631 1874 Praef.
657 1841 786 1881 Opusc.
812 1843 999 1874 Ruhnken.
1033 1853 1062 1883 p.
1090 1843 1220 1874 xviii.
1244 1852 1318 1884 sqq.
1344 1843 1520 1875 Videlicet

143 1898 296 1937 tempori
318 1899 443 1938 magis,
467 1906 568 1938 quarn
595 1899 739 1929 veritati
766 1898 971 1936 obsecutus,
1008 1906 1077 1929 non
1102 1898 1193 1930 adeo
1217 1900 1274 1929 sui
1297 1899 1431 1930 ordinis
1455 1901 1519 1930 lio-

143 1954 270 1992 mines,
294 1953 524 1984 Professores
547 1953 792 1990 Academicos,
818 1952 1033 1992 significavit
1049 1954 1293 1993 Ruhnkenius,
1317 1954 1379 1985 sed
1402 1956 1521 1995 potius

141 2009 300 2039 minores
326 2008 502 2040 Doctores
535 2013 571 2039 et
593 2009 771 2039 Rectores
796 2008 1058 2046 Scliolastieos3
1090 2017 1134 2039 ex
1167 2011 1281 2049 iisque
1312 2011 1518 2041 nominatim

143 2071 264 2100 unum,
302 2061 551 2103 Auqustinum
584 2063 840 2102 Slaverenum,
873 2064 1058 2104 Gymnasii
1092 2064 1278 2095 Leidensis
1311 2068 1394 2096 tunc
1429 2069 1520 2096 tem-

143 2120 242 2158 poris
266 2120 476 2158 Rectorem3
502 2126 651 2159 quocum
677 2119 742 2155 ipsi
768 2121 810 2149 et*
830 2119 1062 2158 Heusinger-o,
1087 2120 1214 2153 edendi
1230 2120 1377 2160 Nepotis
1401 2127 1521 2158 causa,

143 2174 278 2214 aliquid
303 2175 494 2206 simultatis
518 2173 771 2205 intercedebat.
832 2175 947 2214 Atque
984 2176 1050 2206 hoc
1073 2177 1183 2213 ipsum
1217 2175 1303 2206 illud
1327 2179 1393 2214 est,
1429 2174 1519 2214 quod

142 2229 240 2260 infra
270 2229 404 2270 legitur
434 2237 513 2271 pag.
548 2229 622 2260 126³.
672 2229 887 2260 Rulmlsenio
919 2237 964 2260 em
993 2229 1063 2261 illa
1099 2231 1276 2261 leontinum
1313 2229 1519 2261 Scholasti—

145 2291 277 2317 corum
311 2283 511 2327 offensione
540 2283 747 2316 subiratum
781 2285 891 2315 fuisse
915 2286 1158 2325 Staverenum,
1190 2286 1254 2324 quc·
1276 2294 1313 2316 se
1335 2285 1423 2316 item
1447 2285 1518 2316 do-

143 2341 256 2371 ctoris
280 2339 482 2372 umbratici·
513 2341 656 2372 nomine
691 2337 894 2380 significari
926 2341 1106 2372 crederet.
1154 2341 1252 2371 Unde
1285 2343 1412 2378 partim
1437 2342 1518 2372 illu-

145 2395 290 2426 stranda
306 2398 406 2436 sunt,
430 2396 558 2435 partim
578 2396 684 2426 etiam
700 2395 926 2435 corrigenda,
945 2403 1035 2435 quae
1052 2404 1134 2427 mox
1153 2400 1344 2428 narrantur
1362 2405 1441 2437 pag.
1460 2396 1516 2428 91.

144 2450 258 2481 fnisse
292 2451 493 2482 nonnullos
517 2449 739 2481 Scholarum
773 2448 958 2490 liet-tores,
990 2453 1054 2492 qm·
1085 2460 1123 2482 se
1156 2452 1360 2493 siyniflcm·z‘
1390 2454 1426 2484 et
1448 2452 1519 2492 ipsi

142 2507 322 2547 putarent
347 2522 387 2530 -
411 2507 574 2537 vimisset.
620 2507 717 2543 Quae
749 2514 851 2545 quam
876 2508 997 2546 iniqua
1031 2507 1141 2538 fuerit
1165 2508 1405 2547 reprehensio,
1439 2508 1519 2538 luce

147 2561 282 2592 clarius
315 2561 505 2592 ostendunt
537 2569 678 2601 causae,
717 2562 842 2601 quibus
878 2562 1052 2600 inductus,
1095 2566 1131 2593 et
1168 2563 1274 2603 longe
1308 2563 1400 2594 aliud
1438 2563 1516 2602 quid

146 2619 324 2658 spectans,
365 2616 601 2649 Ruhnkenius
643 2617 841 2647 istiusmodi
879 2618 1095 2649 scholastica
1133 2625 1290 2658 munera,
1322 2619 1416 2658 quali
1451 2620 1519 2649 rite

148 2670 310 2702 obeundo
342 2679 424 2703 sese
456 2672 545 2704 haud
579 2680 697 2711 parem
732 2673 981 2711 arbitrabatur,
1019 2674 1228 2704 constanter
1256 2675 1517 2713 repudiaverat.

149 2725 229 2755 vid.
253 2735 360 2766 supra
385 2736 416 2767 p.
440 2729 496 2758 63.
522 2730 558 2758 et
581 2735 671 2767 quae
700 2729 746 2759 ibi
772 2728 933 2759 diximus,
982 2727 1219 2761 BERGMAN.

103 2788 146 2833 ’Ἴ
173 2791 224 2822 10.
249 2792 372 2824 nui-cu.
397 2794 611 2826 Menckeuii.
661 2794 733 2826 FB.
