1816 3233
70 277 150 315 Pag.
164 278 320 314 ommino.

73 320 245 354 209.vs.7.
269 321 398 356 unicus
421 340 464 347 —
486 325 608 357 natus·
651 325 769 358 Natus
790 334 853 366 pro
874 322 954 366 filio
986 325 1076 365 quod
1107 323 1252 364 dicitnr,
1291 323 1347 354 hio
1371 321 1476 353 etiam

168 367 172 371 ”
227 369 343 400 minus
367 374 527 403 excusari
550 375 668 411 potest
698 380 799 413 quam
823 378 932 411 supra
954 370 1038 405 207.
1063 371 1118 403 19.
1152 370 1209 400 ubi
1231 369 1342 400 vitare
1365 367 1476 406 Wyt-

229 414 320 445 tenb.
347 417 500 448 eiusdem
526 417 687 449 vocabuli
718 419 957 457 repetitionem
982 416 1105 448 voluit.
1153 414 1232 446 Vid.
1257 413 1380 446 Krebs.
1406 412 1428 442 1.
1454 411 1475 442 1.

228 467 306 499 pag.
329 461 408 492 516.
432 471 482 502 sq.

96 517 132 524 —
163 518 200 525 -
217 503 273 578 180.
298 504 470 538 incidens.
516 508 637 539 Potius
669 516 777 550 quum
799 507 995 539 incidisset.
1028 506 1106 538 Vid.
1142 505 1185 536 de
1207 506 1240 536 h.
1265 513 1299 536 v.
1327 501 1372 534 ad
1396 509 1475 543 pag.

252 549 285 589 7,
307 551 340 581 2.

94 609 131 615 “·“
162 609 197 615 “·“
212 592 267 625 ῙῙ·
289 603 358 634 Per
379 596 506 627 lusum.
560 599 654 630 Maio
674 606 743 639 per
766 598 900 630 ludum.
947 598 1024 630 vid.
1050 596 1252 629 Doederlin.
1278 596 1475 635 Synonym.

118 645 121 647 ·
230 639 278 671 11.
302 649 382 681 pag.
405 643 460 673 28.
487 652 561 683 sqq.
890 645 898 655 ·'

94 699 131 706 —
162 698 198 706 -
214 683 268 715 17.
293 685 383 717 nihil
405 688 522 727 wytt.
549 691 731 721 rarissime
762 690 796 721 in
827 690 893 721 hoc
918 689 1008 720 libro
1034 688 1120 719 dixit
1156 684 1216 727 (cf.
1242 685 1328 725 122,
1354 683 1410 715 19.
1441 682 1476 724 2,

229 728 297 770 7.);
321 735 522 764 sexcenties
547 734 613 776 nil,
638 735 681 766 de
705 743 772 775 quo
797 736 862 766 vid.
889 735 929 766 ad
956 736 990 776 3,
1013 733 1046 764 8.

73 770 194 804 211·—
210 774 265 806 22.
291 776 421 808 vulnus
443 795 487 801 —
509 779 689 819 imposuit.
738 779 808 812 Cic.
841 782 885 812 de
910 780 988 811 Fin.
1020 779 1082 818 IV,
1114 777 1177 817 24,
1202 776 1256 808 66·
1293 774 1390 813 Quae
1420 772 1478 804 Ῑιῐθ

231 820 323 860 reip.
346 822 500 855 vulnera
522 824 748 868 imponebat,
783 826 906 858 eadem
937 825 999 856 illc
1029 822 1195 855 sanabat.
1233 825 1268 854 et
1292 823 1345 852 sic
1370 820 1477 851 etiam

110 891 111 894 ,
230 866 322 898 alibi.
352 879 355 883 >

75 905 197 940 212.—
214 909 244 942 1.
269 913 337 944 mei
359 920 501 944 caussa.
549 915 601 947 Cf.
626 915 668 946 ad
695 914 773 956 154,
797 915 852 946 22.

93 969 131 976 —-
163 956 246 988 —6.
271 959 476 990 contemtum
510 957 752 992 Ooeoniensem.
811 961 908 991 Haec
938 960 1062 995 legens
1095 965 1197 989 nemo
1231 960 1389 988 veterum
1423 955 1478 985 in-

232 1003 438 1037 tellexisset.
485 1005 612 1037 Dicere
635 1006 766 1037 licebat
788 1005 1025 1037 Plutarchum
1052 1003 1285 1035 Ooeoniensem
1309 1003 1363 1034 vel
1386 999 1479 1032 Plu-

229 1047 350 1079 tarchi
371 1051 514 1090 scripta
540 1050 671 1083 Omonii
694 1051 791 1083 edita
816 1051 839 1091 s
840 1051 936 1090 typis
959 1049 1166 1090 eoepressa.)

97 1104 134 1112 —
164 1107 200 1113 —-
218 1091 268 1124 13.
293 1102 417 1126 muros
439 1096 592 1127 nostros.
640 1098 746 1128 Immo
770 1098 912 1128 moenia
934 1097 1071 1127 nostra.

75 1133 200 1168 213.—
217 1137 271 1170 14.
296 1147 420 1181 regere
443 1142 575 1173 sineret
598 1150 665 1173 eos.
713 1142 790 1173 Non
824 1146 943 1182 potest
972 1149 1096 1182 reyere
1131 1141 1186 1171 sio
1215 1138 1374 1171 absolute
1398 1136 1480 1167 dici.

232 1184 355 1224 Itaque
378 1194 533 1226 reynare
556 1188 778 1219 scribendum
806 1191 883 1219 erat
906 1191 966 1218 aut
988 1194 1113 1227 Τι’-(βενε
1136 1193 1247 1224 remp·

76 1223 198 1257 214—
213 1226 244 1260 1.
271 1230 450 1262 distracto
473 1232 681 1274 ayitatoque
705 1234 873 1272 tempore.
912 1232 1062 1272 Tempus
1086 1230 1305 1263 distractum
1328 1227 1409 1266 quid
1434 1228 1483 1258 sit

211 1276 447 1314 {intelligitur
470 1286 514 1308 ex
539 1279 617 1309 ioco
644 1279 827 1309 Velleiano
852 1278 906 1319 ΙΙ,
935 1278 1007 1309 114.
1036 1278 1090 1308 ubi
1117 1277 1258 1307 animus
1280 1273 1371 1304 mole
1395 1280 1480 1303 one-

232 1327 316 1350 rum
338 1321 650 1354 distractissimus.
697 1323 983 1354 LINDEMANN.
1034 1322 1183 1361 Tempus
1206 1319 1425 1351 distractum
1448 1317 1482 1349 et

234 1365 413 1406 aquatum
436 1368 570 1398 Latinis
603 1368 731 1400 dicitur
762 1369 844 1399 iilud
877 1376 941 1408 quo
975 1369 1089 1398 variis
1121 1367 1216 1398 curis
1241 1373 1283 1397 ac
1308 1365 1482 1395 sollicitu-

234 1411 370 1442 dinibus
395 1412 635 1444 distrahuntur
659 1418 694 1445 et
717 1416 894 1453 agitantur
918 1414 1088 1444 homines.
1137 1414 1194 1443 Sic
1218 1419 1320 1450 supra
1344 1410 1481 1448 plenius

232 1464 308 1496 pag.
326 1456 379 1488 43.
405 1457 542 1498 tempus
566 1458 666 1489 curis
688 1458 908 1490 distractum
931 1458 1228 1498 occupatumque.
1253 1460 1289 1488 et
1310 1464 1387 1494 pag.
1405 1454 1481 1485 124.

234 1501 460 1534 imminutum
483 1503 768 1545 distractumque
797 1505 993 1535 multorum
1015 1503 1226 1535 necessitate
1248 1501 1481 1541 neyotiorum.

233 1547 310 1578 Huc
342 1551 495 1586 pertinet
517 1549 701 1581 Ciceronis
735 1552 776 1581 de
801 1550 899 1581 Orat.
933 1551 996 1589 111,
1027 1550 1060 1581 2.
1091 1549 1170 1580 vita
1200 1546 1382 1583 distracta
1409 1545 1482 1586 vei,

236 1596 273 1622 ut
308 1592 367 1624 alii
405 1594 543 1636 iegitur,
578 1595 759 1626 districta.
818 1594 1049 1627 BERGMAN.
1118 1594 1298 1625 Ellendtus
1332 1594 1365 1622 in
1402 1591 1480 1622 ioco

234 1636 416 1670 Ciceronis
440 1640 534 1671 dedit
557 1640 743 1683 districta,
767 1641 827 1671 sed
854 1645 969 1672 tamen
997 1647 1180 1680 utrumque
1204 1646 1266 1678 per
1291 1645 1331 1669 se
1357 1638 1482 1668 bonum

236 1690 315 1714 esse
339 1685 406 1715 ait:
431 1685 466 1715 in
492 1693 559 1725 quo
585 1693 640 1717 me
666 1687 781 1717 habet..
792 1686 1056 1718 adsentientem.

97 1737 136 1745 -
164 1727 249 1758 —2.
272 1729 520 1768 peculiariter.
568 1730 676 1762 Immo
708 1731 870 1770 proprie.
917 1732 992 1763 vid.
1020 1731 1150 1762 Krebs.
1182 1730 1203 1760 Ι.
1241 1729 1262 1760 Ι.
1295 1735 1374 1769 pag.
1400 1728 1481 1759 579.

237 1778 272 1804 et
296 1775 341 1805 cf.
369 1782 474 1814 supra
498 1777 539 1807 ad
564 1776 622 1812 44,
650 1778 700 1807 15.

95 1828 134 1837 -·
161 1830 196 1839 -
215 1818 248 1848 6.
270 1818 413 1858 publice
436 1820 649 1852 dedicantis.
695 1820 875 1852 Dedicare
899 1828 1001 1861 quum
1029 1819 1117 1858 apud
1138 1819 1282 1850 Latinos
1306 1819 1484 1858 significet

234 1863 306 1894 diis
341 1872 575 1909 consecrare,
618 1867 749 1897 idcirco
784 1869 898 1905 potius
940 1866 1123 1897 dicendum
1164 1863 1380 1895 inscribere:
1421 1864 1482 1895 sed

237 1909 420 1950 vulgarem
446 1910 608 1951 loquendi
634 1913 940 1949 consuetudinem,
965 1916 1000 1943 et
1027 1912 1091 1942 hoc
1116 1913 1152 1942 et
1174 1911 1254 1941 aliis
1277 1910 1377 1947 locis,
1401 1917 1484 1948 per-

235 1956 433 1993 spicuizatis
474 1964 581 1987 causa
622 1951 679 1995 [22]
713 1957 1011 1996 Wyttenbachius
1048 1957 1202 1987 retinuit.
1255 1954 1481 1986 RERGMAN.

236 2000 312 2031 Non
338 2008 417 2031 esse
441 2002 668 2033 reiioiendum
694 2002 889 2032 dedicandi
914 2004 1072 2040 verbum,
1099 2002 1187 2032 bene
1211 2000 1331 2031 docuit
1355 2000 1481 2031 KrebS.

236 2046 271 2076 in
296 2046 417 2076 Antii).
443 2053 518 2085 pag.
544 2047 623 2078 273.
671 2048 739 2078 Sed
770 2046 913 2086 publice
944 2047 1031 2087 quod
1066 2047 1096 2077 Ιι.
1130 2047 1151 2078 1.
1185 2046 1343 2079 adiunxit
1364 2046 1482 2086 Wytt.

235 2098 381 2129 prorsus
412 2093 563 2132 ineptum
597 2094 669 2132 εει,
704 2100 771 2124 nec
796 2101 882 2124 vero
907 2095 992 2124 satis
1024 2092 1140 2131 piacet
1164 2092 1401 2132 participium,
1440 2089 1483 2122 de

236 2143 302 2175 quo
327 2136 371 2167 cf.
396 2144 474 2177 pag.
498 2139 556 2176 59,
581 2137 613 2169 1.
1276 2133 1278 2135 ’

77 2176 198 2209 215.-
215 2179 248 2211 2.
272 2181 452 2222 vectiyali.
499 2183 591 2214 Malo
615 2181 747 2213 reditu.

97 2239 134 2246 —
163 2240 200 2246 —
218 2225 270 2257 13.
292 2224 508 2266 frustratus.
554 2229 646 2259 Maio
671 2227 838 2259 deiectus.

97 2285 133 2291 -
162 2285 198 2291 —
217 2270 272 2302 14.
295 2271 335 2302 in
357 2272 432 2302 eius
455 2270 679 2313 offensionem
703 2273 828 2304 incidi.
865 2271 994 2305 Cicero
1019 2273 1101 2304 dicit
1125 2271 1270 2315 cadere,
1293 2271 1484 2303 incurrere

236 2316 275 2347 in
298 2314 532 2358 offensionem.

98 2375 135 2382 —
165 2377 202 2383 —
217 2359 272 2392 18.
297 2363 397 2394 sexto
420 2363 504 2394 inde
526 2371 652 2394 mense.
689 2363 798 2394 Immo
822 2362 923 2394 sexto
946 2370 1062 2394 mense
1083 2363 1176 2402 post.
1211 2363 1299 2394 Nam
1322 2361 1405 2394 inde
1428 2363 1483 2394 sio

235 2407 304 2438 dici
329 2415 401 2438 non
423 2413 557 2448 potest,
583 2417 624 2440 ae
647 2409 677 2438 si
704 2408 762 2438 vel
788 2410 938 2439 maxime
963 2413 1101 2448 posset,
1125 2410 1238 2448 primo
1264 2412 1376 2439 tamen
1402 2409 1482 2439 loco

235 2454 430 2491 ponendum
456 2457 563 2485 esset.
610 2454 728 2492 Neque
753 2455 844 2484 enim
876 2454 963 2493 quod
997 2462 1089 2485 nunc
1118 2462 1220 2493 saepe
1245 2454 1340 2494 tegas
1374 2451 1420 2484 ab
1443 2461 1484 2484 eo

233 2497 317 2529 inde
340 2498 513 2541 tempore,
539 2499 598 2540 (cf.
623 2506 701 2538 pag.
727 2498 804 2535 258,
829 2497 899 2540 10.)
923 2507 947 2529 a
968 2499 1092 2538 prima
1115 2499 1198 2531 inde
1218 2499 1395 2541 pueritia>
1419 2498 1482 2539 (cf.

235 2551 313 2583 pag.
339 2544 427 2584 241,
449 2545 521 2584 20.)
553 2553 703 2584 unquam
736 2544 824 2575 dixit
856 2546 1031 2584 quisquam
1060 2548 1239 2585 veterum,
1276 2544 1363 2584 apud
1396 2553 1482 2584 quos

234 2590 288 2619 sio
312 2590 415 2620 modo
440 2592 610 2629 scriptum
635 2592 817 2631 reperias:
841 2589 916 2620 iam
937 2590 1020 2621 inde
1044 2589 1088 2620 ab
1114 2594 1180 2622 etc.
1229 2589 1284 2622 Cf.
1310 2591 1414 2622 etiam
1438 2590 1481 2621 ad

237 2642 315 2673 pag.
338 2633 399 2672 22,
425 2633 479 2666 11.

80 2676 200 2709 216.-
218 2678 252 2709 2.
274 2678 437 2710 interius.
483 2680 536 2712 Cf.
562 2679 606 2711 ad
631 2679 707 2719 140,
732 2680 765 2710 3.

99 2739 134 2745 -
164 2722 247 2754 —4.
274 2731 340 2764 aye
362 2740 405 2746 —
428 2725 670 2758 subiiciamus.
719 2724 792 2755 Vid.
819 2724 930 2756 Hand.
956 2726 1146 2757 Tursellin.
1174 2726 1197 2756 Ι.
1225 2733 1304 2766 pag.
1327 2724 1404 2757 205.
1429 2727 1481 2766 sq.

98 2785 135 2791 -—
164 2785 200 2792 -
218 2770 250 2800 6.
276 2767 464 2845 hucusgue.
510 2771 618 2807 Immo
642 2769 760 2803 adhuc
790 2771 848 2804 vel
873 2778 983 2813 usque
1005 2771 1135 2803 adhuc.
1180 2769 1233 2806 Cf.
1258 2771 1386 2803 Krebs.
1412 2771 1432 2802 Ι.
1456 2771 1480 2804 l.

236 2822 317 2857 pag.
339 2814 381 2845 39
408 2837 416 2846 .
