1816 3233
646 197 946 235 —145-

89 309 272 354 optimum
312 308 438 343 fuisse
477 309 739 354 interpretem.
806 311 945 355 Neque
985 312 1161 357 :scriptor
1199 318 1260 349 est
1301 315 1417 360 ullus,
1455 316 1493 350 in

91 375 202 409 quem
231 364 266 398 is
296 364 573 409 interpretandi
605 376 758 409 operam
792 366 1023 407 contulerit,
1064 369 1154 413 quin
1192 368 1258 404 illa
1295 370 1334 405 in
1376 380 1493 415 opera

90 430 232 454 sensus
262 419 414 464 quidam
447 421 726 467 magnitudinis
757 432 804 457 ac
848 422 1067 457 divinitatis
1113 425 1325 469 impressus
1353 430 1493 462 exstet.

90 476 228 520 Neque
257 475 360 510 ullus
390 485 520 511 eorum
561 477 825 522 Scriptorum,
862 487 970 522 aquos
1010 479 1140 523 aliqua
1185 481 1366 517 editionis
1407 483 1495 518 dote

89 531 255 576 ornavit,
286 526 465 579 Longino
495 536 554 566 est
584 533 797 577 sublimior,
828 543 914 568 cum
954 534 1038 578 ipso
1069 538 1287 581 argumenti
1330 538 1494 576 nomine,

89 590 167 621 tum
199 586 372 634 ingenii,
404 586 617 629 doctrinae,
649 598 911 633 sensuumque
941 591 1190 625 sublimitate.
1251 594 1387 637 Neque
1427 594 1490 628 ul-

89 642 151 677 lus
182 642 256 677 fuit
285 641 456 688 Longini
485 642 689 688 interpres,
720 645 784 689 qui
815 655 858 678 se
887 644 971 689 ipse
1002 646 1167 681 interius
1198 648 1235 681 in
1267 648 1353 683 eius
1372 649 1493 684 intel-

87 697 289 744 ligentiam
321 700 360 732 et
387 697 539 732 abditas
570 698 830 745 cogitationes
860 700 1100 746 insinuaret,
1147 702 1192 737 ad
1225 704 1395 739 eiusdem
1426 705 1493 740 in-

87 752 196 799 genii
226 752 466 787 altitudinem
499 754 730 795 extolleret;
760 755 944 791 difficiles
974 757 1105 805 locos,
1135 758 1334 794 doctrinae
1365 762 1492 795 abun—

88 807 221 843 dantia
251 813 289 843 et
320 809 513 843 acuminis
544 810 725 857 solertia,
768 811 1001 856 explicaret:
1038 817 1117 848 tum
1156 824 1250 848 vero
1287 814 1372 849 eius
1412 816 1493 850 vita

87 864 304 898 enarranda
333 865 568 910 scriptisque
598 867 865 915 recensendis,
895 870 1011 902 totam
1042 869 1214 914 aperiret
1243 880 1289 905 ac
1318 870 1491 917 legenti-

87 918 161 953 bus
191 920 440 964 spectandam
471 923 682 965 exponeret
709 921 782 956 viri
815 921 1072 967 divinitatem,
1103 924 1353 969 eiusdemque
1382 936 1492 961 com-

87 974 270 1015 munione
298 977 336 1009 et
366 976 505 1010 affectu
537 976 685 1011 animos
717 987 847 1013 eorum
878 977 1068 1014 imbueret
1096 990 1144 1014 ac
1173 981 1350 1025 repleret.
1407 982 1494 1017 Ita-

86 1039 162 1074 que
193 1030 358 1065 omnium
389 1031 686 1078 intelligentium
717 1033 875 1083 iudicio,
906 1044 954 1068 ex
985 1035 1186 1079 omnibus,
1225 1036 1290 1080 qui
1320 1037 1493 1085 fuerunt,

87 1085 256 1132 Longini
285 1086 586 1132 interpretibus,
615 1098 716 1123 unus
755 1088 1013 1125 Ruhnkenius
1052 1091 1231 1138 Longino
1261 1091 1496 1137 simillimus,

87 1145 125 1176 et
155 1141 254 1176 alter
282 1142 368 1187 ipse
398 1143 600 1189 Longinus
631 1143 786 1179 habitus
818 1148 889 1180 est.

199 1197 274 1232 Hic
299 1197 336 1232 ei
371 1207 512 1232 sensus
535 1198 609 1233 fuit
635 1202 674 1233 et
707 1209 861 1235 morum
886 1199 981 1246 fons
1012 1205 1051 1235 et
1091 1199 1312 1246 officiorum
1342 1203 1588 1249 reyula‚244

87 1261 163 1296 qua
184 1255 392 1287 contentus
411 1254 597 1288 rationem
624 1264 696 1289 non
720 1252 979 1291 desideraret:
1003 1267 1073 1290 nec
1098 1258 1285 1301 probabat
1315 1269 1396 1305 eos,
1429 1260 1493 1303 qui

86 1307 226 1352 quavis
256 1308 295 1342 in
325 1308 480 1344 actione
509 1309 761 1354 suscipienda
790 1310 999 1358 diligentes
1039 1322 1082 1346 se
1112 1313 1328 1348 officiorum
1368 1315 1493 1349 ratio-

86 1363 281 1409 cinatores
319 1365 477 1399 ferrent.
535 1366 646 1400 Hanc
684 1365 898 1402 officiorum
938 1367 1123 1402 rationem
1172 1378 1196 1402 a
1244 1369 1493 1414 Philosophis

88 1419 310 1464 explicitam
350 1419 516 1456 libenter
555 1422 838 1468 cognoscebat:
889 1422 926 1457 in
968 1422 1211 1470 actionibus,
1261 1424 1335 1459 nisi
1380 1425 1494 1460 valde

87 1475 239 1520 dubiis,
277 1476 427 1511 consuli
468 1476 646 1521 nolebat3
688 1477 787 1522 quod
828 1477 1054 1514 deliberatio
1092 1479 1170 1513 vim
1210 1482 1325 1526 atque
1365 1481 1491 1526 impe-

86 1534 168 1567 tum
197 1531 355 1566 virtutis
383 1531 431 1566 ad
461 1533 561 1568 bene
591 1532 811 1568 faciendum
843 1535 971 1580 magis
1001 1535 1240 1579 retardaret,
1281 1546 1393 1581 quam
1424 1547 1493 1572 re-

85 1589 221 1633 geret:
261 1590 299 1622 et
338 1597 431 1623 vero
471 1588 726 1633 paucissimas
765 1589 803 1623 in
843 1589 924 1624 vita
954 1590 1121 1625 humana
1150 1591 1326 1626 actiones
1355 1592 1494 1627 dubias

86 1651 200 1678 esse:
230 1643 438 1688 plerasque
467 1647 541 1678 tam
574 1643 733 1678 evidens
765 1644 1090 1690 manifestumque
1108 1657 1129 1679 a
1159 1650 1296 1681 natura
1322 1646 1489 1692 impres—

87 1708 171 1733 sum
217 1697 364 1734 habere
402 1699 498 1734 recti
538 1699 723 1745 pravive,
761 1702 948 1744 sequendi
988 1701 1240 1747 fugiendive‚
1269 1703 1424 1749 signum
1456 1707 1495 1738 et

85 1753 294 1800 indicium,
335 1754 434 1799 quod
475 1755 615 1799 cuique
655 1765 728 1789 non
767 1766 923 1800 prorsus
964 1755 1094 1792 hebeti
1135 1757 1256 1802 primo
1288 1759 1422 1793 obtutu
1454 1758 1492 1792 in

87 1809 223 1845 oculos
266 1809 449 1845 incurrat.
516 1811 610 1845 Item
651 1811 848 1845 iudicabat
897 1812 944 1846 de
985 1813 1067 1847 veri
1107 1812 1310 1857 pulcrique
1351 1824 1495 1849 sensu:

87 1865 377 1901 emendationes
415 1865 583 1901 locorum
633 1869 922 1913 corruptorum,
964 1867 1306 1912 interpretationes
1345 1869 1495 1905 diffici-

87 1920 203 1967 lium,
242 1924 381 1967 sponte
416 1932 462 1957 ac
499 1922 607 1957 facili
649 1927 758 1967 partu
801 1926 935 1967 natas,
974 1933 1123 1967 suaque
1162 1934 1207 1958 se
1247 1924 1496 1968 simplicitate

87 1977 414 2024 commendantes,
446 1977 671 2012 verissimas
700 1977 917 2011 iudicabat:
956 1979 1082 2012 minus
1120 1989 1209 2029 eas,
1249 1989 1348 2024 quae
1379 1980 1496 2026 longa

88 2033 328 2080 cogitatione
365 2032 587 2078 quaesitae,
628 2032 711 2067 veri
754 2036 880 2067 notam
921 2042 992 2067 non
1033 2034 1071 2067 in
1115 2037 1291 2079 promptu
1331 2035 1493 2080 positam

89 2088 299 2136 haberent,
339 2088 407 2123 sed
448 2098 653 2123 assensum
692 2088 994 2134 intelligentium
1036 2087 1154 2135 longa
1198 2090 1386 2125 rationum
1421 2091 1495 2125 de·-

89 2144 368 2180 monstratione
398 2144 509 2190 quasi
539 2144 739 2179 ambirent.
800 2144 843 2178 ln
873 2145 1060 2180 Veterum
1092 2145 1250 2190 scriptis
1277 2146 1367 2190 quid
1399 2146 1493 2190 pul-

89 2210 155 2236 cre
184 2200 330 2236 dictum
360 2200 426 2248 sit,
458 2211 530 2235 sua
561 2210 750 2246 quemque
781 2204 940 2246 natura,
972 2200 1046 2234 nisi
1077 2201 1257 2245 stupidus
1294 2202 1358 2247 sit,
1396 2210 1493 2235 sen-

89 2256 178 2303 tire,
209 2266 282 2292 nec
310 2256 571 2292 admonitione
601 2266 697 2302 opus
727 2255 889 2291 habere:
921 2265 1044 2290 vanos
1075 2266 1163 2290 esse
1194 2256 1282 2291 illos
1313 2257 1492 2292 admoni-

90 2315 210 2357 tores,
239 2312 306 2358 qui
336 2312 384 2347 de
416 2312 538 2358 pulcri
570 2311 722 2347 caussis
754 2311 991 2346 dissererent
1021 2311 1059 2346 in
1091 2311 1493 2348 animadversionibus

90 2367 139 2403 ad
169 2369 379 2413 Auctores,
409 2378 553 2413 eosque
582 2367 821 2408 aesthetiois,
851 2369 893 2401 ut
922 2369 1074 2410 vocant,
1106 2367 1343 2404 editionibus
1367 2368 1493 2403 inter-

91 2426 356 2468 pretarentur:
414 2423 731 2468 Philosophorum
787 2422 1094 2467 criticorumque
1143 2433 1254 2470 esse,
1305 2423 1491 2459 rationem

94 2479 218 2525 pulcri
239 2479 502 2525 peculiaribus
520 2479 559 2514 in
591 2479 699 2514 libris
720 2478 939 2523 explicare:
970 2479 1327 2525 Grammaticorum,
1350 2488 1488 2526 gram—
1506 2474 1588 2513 245

92 2535 269 2571 maticam
301 2538 500 2581 praestare
530 2534 885 2579 interpretationem
903 2561 913 2580 ,
942 2534 979 2568 id
1011 2536 1084 2578 est,
1113 2544 1210 2580 eam,
1241 2545 1361 2581 quae,
1401 2535 1493 2580 quid

93 2601 224 2626 verum
255 2590 319 2637 sit,
349 2594 514 2638 spectat,
546 2590 670 2635 pulcri
692 2600 853 2624 caussas
883 2590 1092 2636 attingere,
1123 2592 1314 2635 quatenus
1344 2590 1390 2625 ad
1409 2591 1493 2626 veri

92 2646 353 2693 cognitionem
402 2647 607 2692 pertinent.
686 2649 817 2690 Atque
866 2648 906 2679 ut
944 2645 1027 2680 veri
1075 2645 1299 2692 cognitione
1338 2646 1493 2682 exsistit.

92 2701 317 2749 prudentia,
365 2702 596 2748 reliquarum
642 2702 805 2737 omnium
854 2700 1037 2736 virtutum
1081 2701 1389 2747 fundamentum,
1441 2703 1494 2736 ita

94 2757 274 2793 veritatis
313 2768 417 2793 amor
447 2763 483 2793 et
517 2758 733 2805 professio,
778 2757 943 2792 omnium
976 2758 1009 2790 ei
1042 2756 1115 2792 t'uit
1143 2758 1357 2792 officiorum
1390 2758 1495 2792 anti-

1168 2820 1219 2860 10
