1816 3233
859 198 1170 235 -14‘4—

306 317 373 353 sed
405 316 559 352 unicam
591 311 927 358 certissimamque
957 311 1149 347 stultitiae
1187 311 1512 358 arrogantiaeque
1552 311 1719 347 medici-

307 384 408 418 nam,
437 367 511 408 τὸν
540 362 730 419 κριτικὸν
759 366 833 405 καὶ
864 362 1142 416 καθαρτικὸν
1162 364 1350 415 λόγο1’,*)
1382 367 1595 412 iudicandi,
1628 378 1726 412 pur··

307 429 537 477 gandaeque
565 424 726 470 mentis,
758 423 947 459 rationem
979 423 1237 458 continerent.

420 484 481 517 Ex
521 480 742 516 huiusmodi
780 479 963 527 ingenio,
1003 479 1200 528 doctrina,
1238 476 1497 513 institutionis
1537 488 1582 513 ac
1615 478 1718 513 vitae

308 539 470 580 ratione,
500 538 659 572 animus
688 536 905 571 exsistebat
931 535 992 569 1115
1023 534 1235 569 virtutibus
1256 537 1554 569 consentaneus.
1585 536 1718 569 Acer-

308 594 428 629 rinrus
469 592 558 638 1110,
597 596 881 638 (10011141010111
911 591 947 626 01
978 591 1186 636 tribuerat,
1229 590 1354 635 pulcri
1385 589 1593 634 decorique
1623 600 1719 625 5011-

308 660 394 695 505,
432 653 583 684 mature
622 652 661 683 et
699 659 720 682 a
762 647 883 692 prima
923 647 1014 682 iude
1046 647 1214 692 pueritia
1250 646 1296 680 ad
1337 646 1535 691 actioneS,
1576 645 1719 689 officia,

308 715 512 751 moresque
544 704 840 740 traducebatur:
879 712 968 738 mox
1003 702 1180 737 alebatur
1211 703 1509 748 augebaturque
1541 701 1721 748 legendis

309 762 494 797 continuo
525 760 682 806 optimis
724 759 943 804 quibusque
974 759 1213 794 Graecorum
1254 758 1590 802 Romanorumque
1621 756 1720 791 scri-

307 818 401 863 ptis.
462 819 521 852 Ita
560 816 662 851 enim
693 826 760 861 50,
800 817 1002 860 profecto,
1045 824 1109 849 res
1141 815 1279 860 habet,
1311 817 1351 848 ut
1385 823 1476 848 vere
1515 813 1653 848 doctus
1685 816 1720 846 et

210 878 290 915 242
309 874 499 919 literatus,
533 872 608 907 11151
640 871 699 906 vir
729 871 868 918 bonus,
902 880 1012 905 nemo
1043 880 1133 905 esse
1163 869 1298 915 possit.
1355 869 1490 904 Omnis
1521 869 1719 903 literarum

307 929 492 976 materia,
523 937 679 971 verum,
711 927 874 973 bonum,
907 926 1104 970 pulcrum,
1144 926 1330 972 elegans,
1374 929 1604 971 venustum,
1646 924 1720 959 de-

307 995 465 1028 corum,
497 985 719 1028 honestum,
763 982 947 1028 quidquid
980 981 1066 1017 eius
1097 985 1170 1027 est,
1203 991 1252 1016 ex
1283 980 1415 1016 eodem
1447 983 1570 1016 ssuunt
1601 983 1721 1015 natu-

306 1051 375 1077 rae
405 1042 527 1085 fonte,
558 1038 749 1074 communi
771 1038 930 1073 vinculo
960 1038 1230 1081 continentur3
1262 1040 1319 1080 ut,
1351 1036 1416 1079 qui
1446 1045 1578 1070 eorum
1603 1045 1721 1071 unum

307 1096 506 1144 negligat,
545 1094 584 1130 in
623 1094 785 1138 reliquis
825 1094 1025 1140 perfectus
1065 1092 1260 1127 exsistere
1299 1091 1404 1126 nullo
1445 1091 1556 1126 modo
1596 1094 1722 1136 queat.

307 1152 446 1197 Porro,
484 1151 523 1187 in
565 1154 645 1187 tota
674 1160 802 1185 rerum
842 1152 978 1184 natura
1021 1148 1072 1183 nil
1104 1152 1162 1184 est
1194 1147 1390 1194 pulcrius,
1432 1147 1485 1182 nil
1515 1147 1723 1182 amabilius

308 1208 470 1244 virtute:
509 1217 582 1243 nec
620 1206 826 1252 quidquam
868 1215 960 1240 vere
999 1205 1197 1251 pulcrum,
1246 1204 1331 1240 sine
1375 1203 1535 1240 virtute.
1594 1203 1724 1250 Igitur

308 1264 492 1308 criticus,
523 1263 604 1298 veri
635 1263 836 1308 pulcrique
866 1261 999 1308 iudex,
1031 1261 1252 1296 sublimium
1283 1260 1321 1295 in
1343 1259 1607 1305 Scriptoribus
1636 1262 1743 1297 Ali-s

308 1320 427 1366 liquis
459 1329 643 1355 sensuum
674 1318 882 1364 interpres,
914 1327 987 1362 quo
1017 1317 1127 1352 modo
1151 1316 1317 1352 exsistat
1345 1316 1392 1361 is,
1421 1315 1487 1361 qui
1517 1315 1564 1350 ad
1595 1316 1722 1351 hone-

309 1377 359 1412 sti
390 1386 545 1411 sensum
575 1374 733 1422 frigeat,
766 1385 837 1410 nec
870 1373 1026 1408 virtutis
1057 1383 1185 1409 amere
1215 1369 1461 1408 incalescat?
1492 1372 1565 1415 Qui
1593 1371 1722 1408 virtu-

309 1433 357 1468 tis
391 1442 525 1468 nomen
557 1431 674 1467 inane
704 1430 836 1474 ducit,
867 1428 932 1475 qui
963 1429 1227 1475 prudentiam,
1260 1428 1470 1473 voluptatis
1501 1431 1540 1462 et
1570 1427 1723 1462 utilita-

303 1488 368 1534 tis,
403 1499 477 1523 non
511 1486 688 1524 veritatis
719 1486 917 1531 officiique
958 1485 1213 1521 inventricem
1247 1484 1398 1519 laudat:
1440 1483 1721 1529 fortitudinem,

302 1544 612 1595 temperantiam,
642 1542 849 1590 iustitiam,
883 1542 930 1576 ad
961 1541 1120 1577 scholae
1151 1541 1325 1576 umbram
1357 1539 1514 1585 abiicit,
1555 1549 1627 1574 nec
1657 1539 1723 1574 vi-

302 1606 366 1635 tae
399 1600 588 1635 rectrices
620 1599 845 1643 constituit,
886 1597 1032 1643 ecquod
1073 1598 1148 1633 sibi
1188 1597 1341 1632 tandem
1382 1595 1567 1641 relinquit
1596 1604 1722 1642 argu-

305 1660 487 1702 mentum,
519 1655 558 1691 in
590 1665 664 1701 quo
694 1651 895 1702 ingenium
927 1653 975 1688 ad
1006 1653 1247 1688 altitudinem
1279 1652 1462 1697 extollat,
1502 1656 1540 1687 et
1571 1651 1616 1686 ad
1650 1661 1721 1687 ve-

309 1723 375 1748 rae
406 1712 682 1758 pulcritudinis
712 1710 899 1747 iudicium
932 1707 1146 1745 exerceat?
1183 1709 1257 1753 Qui
1287 1709 1501 1744 officiorum
1533 1708 1723 1743 5111111110-

309 1772 406 1811 tem,
448 1778 670 1813 morumque
700 1766 989 1816 innocentiam,
1031 1766 1249 1801 cavillando
1279 1765 1432 1812 elevat,
1464 1774 1595 1800 eorum
1628 1765 1724 1799 fun-

309 1824 488 1859 «lamenta
525 1823 743 1870 argutando
784 1822 1017 1866 labefactat,
1064 1821 1210 1857 nullum
1247 1820 1420 1855 divinum
1458 1830 1619 1867 numen,
1657 1823 1722 1854 aut

307 1880 342 1915 si
377 1881 497 1926 forte,
541 1880 685 1915 nullum
718 1878 804 1914 eius
835 1877 1051 1923 imperium,
1083 1877 1226 1913 nullam
1258 1876 1561 1922 providentiam,
1592 1875 1719 1911 maic-

308 1939 447 1971 statem
489 1936 654 1979 nullam,
697 1944 786 1969 esse
835 1937 964 1978 putat:
1015 1933 1204 1978 quomodo
1246 1932 1281 1966 15
1329 1932 1396 1966 1110
1443 1931 1724 1977 magnitudinis

308 2003 447 2036 sensu,
478 1991 546 2027 ilio
578 1990 796 2026 divinitatis
827 1989 1017 2025 instinctu
1047 1989 1260 2034 afflatuque
1291 1988 1500 2033 afficiatur,
1531 1997 1604 2033 quo
1632 1989 1724 2023 An-

308 2048 405 2094 tiqui
435 2047 656 2093 Scriptores
687 2045 839 2082 incensi
865 2045 1102 2091 animatique
1134 2046 1305 2096 fuerunt,
1335 2044 1400 2090 qui
1431 2044 1558 2079 adhuc
1587 2044 1624 2079 in
1657 2054 1723 2079 00-

216 2107 391 2144 24310111
423 2104 582 2150 scriptis
614 2107 651 2138 et
683 2103 782 2138 calet
813 2105 850 2137 et
882 2102 1019 2147 spirat,
1039 2101 1124 2136 siue
1157 2102 1268 2137 cuius
1301 2100 1566 2136 communione
1597 2100 1723 2135 bonus

308 2171 440 2196 eorum
471 2160 667 2206 interpres
699 2169 789 2194 esse
821 2167 932 2193 nemo
965 2154 1122 2203 potest?
1153 2157 1342 2202 quomodo
1379 2157 1436 2203 15,
1476 2155 1607 2192 humili
1647 2156 1721 2191 ab·

308 2218 486 2263 iectaque
515 2219 666 2261 mente,
711 2215 817 2250 illum
858 2213 1077 2249 altitudinis
1108 2223 1154 2248 ac
1185 2213 1403 2248 divinita-,tis
1435 2223 1591 2247 sensum
1624 2221 1722 2246 con-

307 2270 459 2318 cipiat‘?
488 2274 539 2309 Et
571 2273 605 2308 51
639 2282 732 2307 vere
751 2271 897 2307 dictum
930 2272 988 2305 est
1019 2281 1040 2304 a
1062 2270 1289 2319 Veteribus,
1321 2269 1503 2314 optimum
1537 2277 1625 2302 esse
1657 2266 1722 2302 in-

307 2332 534 2375 terpretem,
576 2339 688 2375 eum,
732 2327 796 2373 qui
838 2326 1011 2372 proxime
1057 2326 1105 2361 ad
1147 2325 1254 2370 0105,
1285 2335 1396 2370 quem
1437 2324 1722 2369 interpretatur,

307 2384 553 2428 divinitate-m
586 2380 839 2430 accedat;**)
873 2393 966 2418 vere
998 2382 1132 2418 videor
1163 2381 1415 2429 contendere,
1446 2379 1720 2416 Ruhnkenium

307 2470 334 2506 ‘)
358 2471 534 2502 Plutarch.
559 2471 688 2503 ibidem
715 2480 746 2510 p.
772 2472 848 2502 999.
883 2472 920 2502 F.

307 2514 348 2556 '')
375 2516 449 2546 Hoc
481 2526 501 2547 a
534 2518 654 2547 multis
679 2517 830 2547 dictum:
866 2517 1018 2554 indeque
1053 2516 1246 2554 profectum
1284 2513 1372 2544 illud
1405 2512 1590 2544 Ciceronis
1624 2512 1722 2542 Divi-

354 2565 425 2591 nat.
458 2561 498 2598 ΙΙ,
526 2561 576 2592 18.
628 2562 790 2600 Quorum
823 2561 1068 2597 (divinationis
1092 2560 1279 2600 generum)
1304 2558 1467 2588 omnium
1491 2556 1723 2596 interpretes,

356 2607 398 2636 ut
421 2604 666 2638 Grammatict
693 2605 901 2643 Poetarum,
923 2607 1092 2646 procl-ime
1116 2605 1165 2635 ad
1189 2611 1325 2641 eorum,
1350 2610 1441 2642 quos
1464 2601 1725 2640 interpretum.

353 2652 436 2691 tur,
469 2651 697 2682 divinitatem
731 2651 904 2681 videntur
934 2650 1119 2681 accedere.
1167 2649 1243 2686 Quo
1267 2649 1347 2678 loco
1378 2647 1604 2686 apposuimus
1627 2645 1723 2676 divi-

352 2695 525 2726 nitatem:
556 2696 645 2735 quod
672 2701 716 2726 ret
740 2696 964 2735 Hottingero,
981 2694 1241 2732 elegantissimi
1263 2693 1384 2723 iudicii
1401 2692 1490 2728 viro,
1514 2691 1550 2721 in
1567 2692 1722 2721 mentem

355 2744 515 2774 venerat,
556 2741 733 2779 multoque
774 2741 876 2771 uobis
910 2739 1127 2778 probabilius
1157 2738 1299 2769 videtur
1330 2744 1431 2776 quam
1466 2735 1521 2765 vel
1546 2735 1597 2773 id,
1632 2733 1721 2774 quod

355 2789 478 2823 postea
508 2787 583 2824 ipse
607 2786 782 2823 probavit,
814 2786 1063 2824 aequationem
1075 2804 1088 2825 ,
1122 2783 1177 2814 vel
1202 2783 1379 2823 vulgatum
1404 2779 1676 2812 divinationem.
