1816 3233
624 229 933 271 —219—

141 345 237 378 Prot.
259 343 352 377 Iuris
376 343 508 375 Publici
538 345 572 375 in
597 342 693 374 acad.
719 343 829 383 Lugd.
855 341 1007 373 oblatum
1030 339 1157 378 accipit
1180 337 1235 370 87.
1271 344 1353 370 mox
1375 342 1484 375 repu-

140 391 211 422 diat
234 391 292 421 SS.
322 390 572 421 Ruimkenium
598 389 816 419 commendat
840 386 1007 418 Ruckero
1032 384 1264 417 Antecessori
1289 381 1399 426 Lugd.
1425 379 1483 411 19.

70 437 236 469 Rtiverus
261 435 355 466 Ictus
378 435 436 466 45.

69 481 204 513 Rollini
227 481 376 511 historia
399 480 503 511 Rom.
526 478 639 518 qualis
662 478 740 509 visa
765 477 877 510 fuerit
900 476 1112 509 Rulinkenio
1136 474 1214 507 238.

70 527 221 559 Rossius
243 524 322 556 232.

69 572 200 610 Royen
226 567 282 607 (Η.
308 566 393 609 van)
416 568 494 599 265.
520 567 605 598 acin.

69 615 258 647 Ruckerus
281 614 378 645 lctus
402 614 627 644 Antecessor
649 611 706 643 19.

71 659 304 692 Rulmkenius
327 656 455 698 (Dav.)
479 659 580 688 natus
612 664 704 688 anno
728 655 828 689 1723.
860 657 897 687 in
929 655 1160 686 pomeraniae
1193 653 1319 692 oppido
1352 652 1486 691 Stolpa‚

139 706 265 735 exacta
288 703 413 743 puerili
436 704 679 741 institutione,
716 701 864 733 traditur
897 702 930 731 in
957 701 1173 739 disciplinam
1198 698 1339 729 scholae
1363 698 1486 728 Sclua-

139 749 277 787 vensts,
315 749 370 779 cui
399 751 566 787 praeerat
594 746 826 784 Kniepbofius
859 746 892 776 5.
915 752 990 786 sqq.
1030 745 1109 775 inde
1138 744 1424 782 Regiomontium
1450 742 1486 772 in

138 792 333 833 collegium
356 792 638 824 Fridericianum
671 792 852 832 defertur,
889 790 945 821 ubi
974 788 1140 821 Kantium
1173 788 1278 818 habet
1310 787 1487 818 condisci-

139 838 256 878 pulum
280 836 336 868 10.
361 844 413 878 sq.
451 837 563 868 redux
586 844 698 867 annos
721 835 838 867 XVIII
863 837 986 876 natus,
1020 843 1101 865 mox
1135 842 1177 864 eo
1208 833 1358 863 consilio
1384 833 1486 862 domo

138 881 386 922 proficiscitur,
411 884 446 912 nt
461 881 686 921 Goettingam
705 888 746 910 se
763 881 925 911 conserat
943 884 980 910 et
999 878 1160 910 Gesnero
1176 880 1340 917 antiquas
1363 877 1487 907 literas

138 928 282 958 docenti
314 934 460 965 operam
492 927 569 967 det,
607 926 758 956 maxime
790 928 905 955 autem
938 924 1100 955 Graecae
1132 924 1273 962 linguae
1305 923 1486 952 scientiam

138 973 309 1004 maiorem
339 970 407 1001 sibi
439 973 622 1010 comparet
654 968 709 1000 11.
741 976 792 1009 sq.
829 969 890 1000 sed
925 970 1101 1000 retinetur
1126 968 1393 1005 Wittebergaffi
1430 965 1488 995 ubi

140 1024 242 1056 quum
265 1024 330 1055 per
353 1016 531 1047 biennium
555 1016 743 1051 Ritterum‚
769 1014 1081 1053 lurisprudentiam
1104 1017 1140 1043 et
1160 1013 1335 1042 Historias
1354 1011 1488 1041 docen-

140 1064 224 1100 tem,
248 1065 285 1093 ct
301 1061 507 1101 Bergerum‚
532 1062 766 1099 Antiquitates
789 1059 968 1089 Romanas
992 1061 1027 1089 et
1045 1058 1274 1096 Eloquentiae
1299 1059 1489 1094 praecepta

139 1105 354 1145 tradentem,
387 1106 599 1144 audivisset,
631 1111 887 1144 progressuum
920 1104 1099 1141 specimen
1140 1102 1246 1132 edidit
1276 1101 1489 1138 disputatio-

139 1159 220 1182 nem
245 1150 289 1181 de
314 1149 425 1180 Galla
447 1149 620 1181 Placidia
643 1147 807 1189 Auyusta
832 1146 902 1187 (cf.
926 1148 1008 1179 262.
1033 1145 1166 1185 acln.)‚·
1198 1145 1354 1176 nonnihil
1382 1147 1486 1175 etiam

140 1203 272 1235 operae
291 1195 537 1234 Philosophiae
562 1194 693 1226 scholis
718 1195 836 1224 tribuit
860 1193 913 1223 12.
932 1199 1006 1232 sqq.
1031 1193 1074 1223 ad
1091 1191 1310 1231 Graecarum
1335 1189 1489 1220 studium

140 1241 325 1271 literarum
351 1241 518 1280 gnaviter
542 1239 825 1278 persequendum
849 1238 1030 1277 profectus
1048 1237 1256 1275 Lugdunum
1274 1236 1488 1265 Batavorum

140 1283 213 1316 adit
237 1284 560 1321 {mustei-nusum,
597 1285 744 1322 eiusque
768 1290 834 1320 per
857 1290 921 1312 sex
947 1289 1060 1312 annos
1086 1281 1273 1318 disciplina
1297 1281 1406 1309 utitur
1437 1279 1487 1307 17.

139 1335 216 1370 sqq.
252 1327 301 1368 cf.
326 1328 412 1359 adn.
442 1328 492 1359 ad
513 1327 570 1359 21.
611 1328 760 1358 Graecis
796 1327 1003 1364 Latinisque
1038 1324 1272 1363 scriptoribus
1308 1324 1491 1353 Heinster-

139 1374 288 1405 husiana
310 1374 450 1404 ratione
474 1374 645 1411 tractatis,
670 1372 863 1402 studiorum
888 1377 1033 1401 suorum
1057 1370 1206 1400 fructum
1232 1369 1385 1407 prodidit
1407 1368 1490 1397 dua-

138 1419 204 1450 bus
227 1416 406 1457 Epistolis
432 1416 600 1459 Criticis,
632 1418 751 1447 altera
776 1415 819 1446 de
842 1414 998 1445 Homero
1022 1414 1056 1444 et
1079 1413 1233 1444 Hesiodo
1258 1412 1306 1442 ad
1341 1411 1490 1441 Valcke-

138 1463 287 1494 narium
311 1471 343 1494 a.
368 1461 469 1493 1749.
494 1463 608 1493 altera
631 1470 664 1493 a.
683 1460 782 1491 1751.
807 1459 851 1491 de
878 1458 1098 1491 Callimacho
1125 1458 1159 1489 et
1181 1456 1374 1496 Apollonio
1393 1455 1490 1486 Rho-

140 1508 201 1540 dio
233 1507 284 1538 ad
306 1506 516 1537 Ernestium
551 1505 606 1536 31.
638 1513 714 1546 sqq.
753 1513 855 1544 quum
892 1506 1032 1535 interim
1069 1511 1213 1543 operam
1249 1503 1490 1542 praestitisset

139 1553 301 1585 Albertio
325 1553 361 1583 in
385 1551 522 1583 edendo
546 1552 726 1589 Hesycliio
759 1553 795 1580 et
823 1550 994 1581 suadente
1018 1548 1283 1579 Heinsterliusio
1307 1546 1489 1586 Iurispru-

140 1599 280 1629 dentiae
306 1596 455 1628 studium
478 1596 594 1627 denuo
619 1596 858 1634 suscepisset,
890 1596 988 1625 cuius
1013 1602 1045 1624 a.
1071 1592 1174 1624 1752.
1199 1593 1378 1630 specimen
1405 1599 1491 1630 pro-

140 1643 226 1674 didit
252 1641 456 1684 Thalelaei,
496 1640 672 1672 Theodori
697 1641 915 1679 aliorumque
943 1637 1181 1669 Commentar.
1208 1635 1337 1679 Graec
1362 1636 1401 1665 in
1427 1635 1491 1666 Τὶ-

139 1687 256 1722 tulum
272 1685 416 1718 Codicis
439 1687 473 1717 et
490 1685 718 1726 Diyestorum
743 1684 786 1715 (Ie
807 1683 1031 1723 postulando
1049 1685 1171 1713 Latina
1197 1683 1491 1720 interpretatione

141 1736 178 1764 et
214 1732 501 1763 adnotationibus
538 1732 733 1762 illustratos
770 1729 826 1760 43.
857 1736 933 1769 sqq.
984 1737 1096 1759 novae
1133 1727 1336 1766 scriptionis
1375 1733 1489 1764 argu-

139 1779 260 1809 mento
284 1779 400 1807 sumto
425 1767 595 1815 Platone,
616 1784 648 1806 a.
673 1774 775 1806 1754.
801 1774 873 1805 edit
899 1773 1038 1804 Timaei
1062 1772 1224 1802 Leoeicon
1247 1778 1375 1801 vocum
1398 1768 1492 1800 Pla-

139 1821 361 1862 tonicarum,
385 1823 485 1852 cuius
509 1820 590 1851 libri
615 1821 774 1859 materia,
797 1820 864 1858 vis,
889 1826 989 1858 usus,
1015 1818 1247 1856 praestantia,
1273 1815 1494 1854 explicantur

139 1865 196 1897 48.
220 1873 296 1907 sqq.
336 1868 488 1897 monitus
521 1868 558 1897 ut
589 1865 625 1894 in
657 1863 883 1894 Germaniam
916 1863 1059 1900 redeat,
1095 1864 1128 1891 ιιι
1161 1862 1311 1892 Batavia
1345 1867 1492 1889 manere

140 1911 323 1943 constituit
360 1909 415 1940 61.
444 1916 519 1950 sqq.
566 1918 598 1940 a.
627 1908 733 1939 1755.
772 1908 951 1939 Lutetiam
988 1907 1206 1938 Parisiorum
1244 1904 1492 1945 proficiscitur,

140 1956 260 1995 ibique
297 1963 424 1986 annum
464 1954 629 1994 transigit
667 1952 894 1984 conferendis
930 1952 1031 1982 codd.
1068 1951 1243 1981 editorum
1279 1951 1492 1988 scriptorum

141 2008 225 2032 mss.
240 1998 552 2038 describendisque
576 1997 716 2029 ineditis
731 1998 992 2035 Grammaticis,
1016 1995 1236 2033 Scholiastis‚
1261 1994 1491 2034 Rumoribus,

142 2047 296 2085 itemque
325 2043 572 2083 cognoscenda
601 2043 688 2073 urbe
722 2049 799 2073 cum
836 2042 1034 2072 hominibus
1071 2040 1247 2078 rebusque
1279 2039 1494 2069 memorabi-

140 2090 232 2121 libus
256 2087 311 2119 64.
336 2095 412 2129 sqq.
450 2088 576 2119 ibidem
601 2095 677 2118 cum
703 2086 839 2117 duobus
864 2086 1078 2117 doctissimis
1104 2084 1298 2124 Britannis,
1323 2084 1490 2122 Musgra-

140 2137 201 2165 vio
226 2136 262 2164 et
284 2134 510 2172 Tyrwhitto,
544 2133 731 2163 amicitiam
765 2132 877 2170 iungit
899 2131 955 2161 71.
992 2133 1028 2161 ιιι
1052 2129 1257 2160 sodalitium
1280 2129 1493 2159 Academiae

141 2179 414 2217 Inscriptionum
438 2180 505 2208 iam
529 2179 635 2208 antea
658 2177 777 2207 fuerat
801 2177 958 2206 adscitus
982 2174 1067 2205 ibid.
1083 2174 1166 2205 adn.
1191 2176 1358 2204 monente
1382 2173 1492 2203 Hem-

143 2224 320 2256 sterhusio
354 2223 465 2254 redux
495 2223 717 2263 provinciam
741 2221 907 2252 Lectoris
932 2220 1151 2251 Graecarum
1176 2219 1378 2250 Literarum
1410 2225 1492 2247 sus-

142 2269 223 2307 cipit
264 2275 295 2299 a.
330 2267 428 2300 1757.
466 2275 542 2299 eam
579 2268 782 2306 auspicatus
817 2267 980 2297 oratione
1015 2265 1058 2295 de
1090 2263 1250 2294 Graecia
1286 2262 1424 2293 artium
1459 2261 1493 2293 et

141 2311 398 2345 doctrinarum
420 2311 640 2343 inventrice.-
665 2311 807 2342 scholas
831 2311 933 2341 habet
958 2308 1239 2348 interpretandis
1257 2307 1492 2351 scriptoribus

141 2358 196 2389 vel
220 2360 335 2388 sacris
362 2357 420 2387 vel
445 2357 605 2389 classicis
629 2357 687 2387 72.
706 2363 779 2395 sqq.
806 2356 973 2386 Ernestio
998 2359 1122 2385 auctor
1146 2357 1182 2385 et
1206 2353 1344 2384 adiutor
1368 2353 1434 2383 fuit
1457 2353 1491 2382 in

143 2402 278 2434 edendo
305 2402 540 2440 Callimacho,
579 2401 743 2432 Gesnero
769 2402 803 2430 iu
829 2400 1010 2438 Orphicis,
1045 2399 1288 2437 Wesselingio
1313 2399 1346 2428 in
1372 2397 1492 2428 Hero-

141 2447 224 2477 doto
249 2447 305 2478 79.
329 2453 405 2486 sqq.
431 2446 641 2477 Curatorum
669 2446 810 2475 nomine
836 2445 974 2476 Rittero
1000 2444 1134 2474 frustra
1160 2442 1266 2474 offert
1290 2442 1490 2474 cathedram

141 2491 233 2522 luris
256 2491 390 2522 Publici
419 2489 474 2522 87.
501 2498 576 2530 sqq.
621 2490 870 2528 Oudendorpio
905 2489 1067 2520 succedit
1097 2497 1128 2519 a.
1155 2487 1255 2519 1761.
1286 2490 1321 2517 ιιι
1346 2494 1492 2518 munere

141 2536 239 2567 Prof.
265 2535 400 2566 Histor.
426 2538 462 2567 et
487 2536 589 2575 Eloq.
613 2535 714 2574 idque
739 2536 942 2571 auspicatur
967 2535 1128 2566 oratione
1152 2533 1196 2564 cle
1219 2531 1377 2563 Doctore
1406 2531 1491 2563 Um-

142 2579 286 2611 bratica
308 2580 365 2611 89.
390 2587 465 2620 sqq.
503 2581 652 2611 Latinos
678 2581 872 2618 scriptores
897 2587 1018 2610 omnes
1048 2580 1177 2610 iterum
1208 2578 1338 2618 relegit
1363 2586 1405 2609 ex
1429 2578 1491 2607 iis-

142 2633 208 2666 que
243 2626 427 2657 utilissima
463 2632 623 2665 quaeque
660 2625 819 2663 excerpit
849 2623 904 2654 94.
937 2631 989 2663 sq.
1027 2624 1097 2654 iam
1133 2623 1275 2654 scholas
1310 2621 1413 2654 babet
1447 2622 1490 2653 de

141 2670 293 2701 historia
329 2671 496 2702 universa
530 2670 585 2700 95.
618 2676 692 2708 sqq.
734 2669 776 2699 de
808 2669 1088 2708 Antiquitatibus
1127 2669 1298 2700 Romanis
1328 2667 1407 2698 108.
1437 2674 1490 2706 sq.

142 2716 291 2754 denique
316 2715 591 2755 interpretandis
616 2714 751 2745 Latinis
783 2714 1018 2752 scriptoribus
1043 2712 1121 2744 109.
1145 2720 1221 2754 sqq.
1263 2712 1488 2752 Goettingam

140 2763 294 2791 vocatus
327 2760 362 2790 in
397 2760 512 2791 locum
538 2759 689 2791 Gesneri
722 2758 945 2789 commendat
975 2759 1151 2797 Heynium
1178 2757 1253 2788 112.
1277 2764 1329 2797 sq.
1369 2758 1489 2796 proxi-

141 2812 220 2837 mus
250 2810 365 2836 annus
396 2803 499 2836 1762.
533 2806 565 2836 ei
598 2804 662 2836 fuit
691 2803 870 2834 luctuosus
901 2807 1016 2835 morte
1050 2802 1102 2833 10.
1136 2803 1286 2835 Albertii
1318 2802 1393 2833 113.
1434 2801 1490 2832 bic
