1833 3237
862 225 1144 264 *50-

302 349 342 382 et
388 338 722 388 interpretationis
767 342 993 386 apparatum
1044 339 1200 377 habere.
1224 336 1263 386 *J
1339 340 1451 376 Facit
1498 339 1710 378 Ernestus.

303 401 484 439 Redeunt
521 396 679 432 notulae
717 395 831 442 paulo
878 395 1181 442 locupletiores,
1230 394 1447 440 probabiles
1485 396 1630 433 iudicio
1666 406 1714 431 ac

305 453 534 502 diligentia,
573 451 644 487 sed
672 451 833 499 ingenio
863 455 902 487 et
932 451 1132 487 doctrinae
1174 452 1374 498 ubertate,
1415 452 1468 488 nil
1499 452 1546 488 ad
1578 453 1712 488 horum

306 512 492 547 rationem
517 504 899 554 triumvirorum:**)
930 517 1002 543 nec
1031 518 1054 541 a
1076 507 1339 542 Valckenario
1362 507 1450 553 quid
1474 507 1715 552 adiumenti3

306 576 380 602 non
412 564 514 611 quod
544 564 608 600 hic
638 564 759 599 nollet
799 563 915 609 dare,
953 563 1021 598 sed
1063 563 1164 608 quod
1193 564 1387 599 Ernestus
1415 563 1534 599 nollet
1561 573 1716 611 rogare,

305 621 535 668 intelligens
565 630 659 656 suas
690 619 861 665 copiolas
890 619 930 654 in
960 619 1081 654 tantis
1110 619 1271 654 auxiliis
1302 620 1479 655 obrutum
1511 618 1569 656 iri.
1608 620 1717 654 Haec

307 677 372 724 qui
411 676 583 722 noverit,
627 675 702 711 iam
742 675 937 722 intelliget
976 685 1050 720 quo
1081 675 1272 719 pertineat
1304 675 1419 711 huius
1450 675 1500 710 de
1531 674 1718 711 Veterum

308 733 542 780 fragmentis
573 731 760 768 iudicium
793 731 831 765 in
863 730 1110 775 praefatione
1140 730 1402 766 Callimachea
1431 730 1648 777 proditum,
1677 730 1719 766 in

310 800 386 835 qua
417 798 532 834 quum
562 789 747 832 frequens
785 787 838 821 sit
879 785 927 820 de
958 785 1194 821 Ruhnkenio
1233 786 1397 833 mentio,
1445 795 1593 831 paucos
1632 784 1721 821 iude

310 856 361 882 ex
391 844 522 880 multis
552 843 660 878 locos
688 842 839 877 referre
869 851 1010 886 operae
1029 841 1192 886 pretium
1225 844 1298 888 est,
1329 845 1372 877 ut
1393 844 1579 887 appareat
1607 851 1720 887 quam

311 899 523 937 honorifice
553 900 746 935 Ernestus
776 897 824 932 de
843 897 1070 933 Ruhnkenii
1100 907 1184 932 cum
1216 907 1335 942 opera
1363 898 1402 933 iu
1425 898 1720 940 Callimachum,

313 960 393 992 tum
433 958 514 990 tota
552 954 745 1003 doctrina,
782 953 965 990 senserit.
1014 954 1085 998 „ln
1116 953 1190 987 hac
1220 953 1387 999 denique
1418 954 1555 999 parte“
1594 952 1721 998 iuquit

315 1010 547 1063 „plurimum
580 1009 696 1046 etiam
728 1009 850 1044 debeo
872 1008 1171 1044 benevolentiae
1201 1008 1395 1055 singulari
1425 1012 1463 1044 et
1494 1007 1723 1045 humanitati

249 1066 505 1120 81„Davidis
546 1064 796 1109 Ruhnkenii‚
844 1065 893 1099 V.
934 1064 976 1098 C.
1016 1064 1080 1109 qui
1119 1063 1291 1099 Graecas
1328 1063 1463 1099 literas
1500 1064 1541 1099 in
1578 1063 1724 1100 illustri

314 1120 528 1169 „Leidensi
557 1119 775 1156 Academia
804 1129 946 1167 magna
976 1129 1063 1154 cum
1093 1119 1208 1154 laude
1238 1119 1374 1166 docet,
1405 1119 1575 1165 mihique
1604 1128 1724 1165 saepe

310 1181 424 1226 „post
453 1176 491 1212 in
524 1176 596 1211 hac
626 1175 869 1221 praefatione
899 1174 1117 1210 laudandus
1148 1175 1240 1210 erit:
1270 1195 1326 1201 -—-
1351 1179 1465 1221 atque
1487 1175 1584 1211 haec
1601 1175 1724 1221 prima

311 1232 460 1281 „veluti
491 1232 627 1278 pensio
656 1231 809 1278 gratiae
838 1235 914 1281 est,
948 1241 1062 1276 quam
1092 1230 1168 1276 ipsi
1195 1231 1456 1267 libentissime
1478 1231 1653 1267 exsolvo.
1671 1249 1723 1257 —-

312 1287 488 1337 „Addidi
518 1287 635 1323 etiam
667 1288 974 1334 fragmentorum
1005 1286 1246 1334 auctarium,
1285 1286 1323 1322 in
1355 1297 1427 1332 quo
1459 1297 1534 1322 non
1566 1286 1672 1322 nulla
1701 1295 1725 1321 a

313 1355 403 1393 „me
433 1345 639 1380 observata
669 1347 706 1378 et
737 1346 866 1378 notata
896 1346 1007 1389 sunt,
1046 1343 1228 1388 pleraque
1260 1343 1493 1379 Ruhnkenio
1524 1343 1729 1387 debentur,

314 1401 407 1449 „qui
438 1410 485 1435 ex
516 1400 676 1435 ineditis
706 1398 976 1435 Grammaticis
1006 1399 1045 1434 in
1075 1399 1242 1445 gratiam
1276 1410 1398 1435 meam
1428 1403 1618 1444 excerpta
1647 1398 1726 1434 mi-

315 1457 404 1503 ‚‚sit.
434 1476 489 1482 —
519 1456 606 1491 Non
638 1456 724 1491 sine
754 1455 872 1491 laude
901 1455 1184 1500 praetereunda
1213 1458 1305 1490 sunt
1334 1455 1559 1491 Ruhnkenii
1589 1453 1727 1499 nostri,

313 1513 390 1559 „de
420 1522 494 1557 quo
524 1522 644 1558 saepe
675 1511 771 1557 dixi,
802 1511 939 1546 merita
969 1511 1009 1546 in
1034 1511 1364 1557 Spanhemianum
1394 1510 1730 1546 commentarium:

316 1578 455 1614 „quem
484 1568 552 1604 ille
583 1567 714 1603 multis
744 1567 842 1603 locis
874 1567 1055 1602 vitiosum
1086 1570 1223 1611 antea,
1268 1570 1309 1602 ut
1340 1577 1482 1603 sensus
1513 1566 1729 1613 perturba-

317 1626 476 1672 ,‚retur,
515 1623 819 1670 diligentissime
858 1623 1041 1658 correxit.
1112 1624 1157 1658 In
1196 1624 1427 1670 fragmentis
1466 1621 1732 1659 Callimachiis

318 1682 461 1732 „erunt
492 1680 593 1715 sorte
632 1679 698 1724 qui
735 1678 975 1724 copiosiores
1015 1682 1126 1714 notas
1163 1678 1274 1714 datas
1316 1679 1460 1724 velint,
1500 1679 1641 1724 quibus
1670 1687 1732 1713 me

320 1745 421 1781 „non
453 1738 648 1769 contemtu
688 1745 879 1770 excusare
918 1734 1054 1784 cupi03
1095 1734 1192 1779 quod
1235 1735 1378 1779 possim
1411 1736 1533 1781 forte,
1573 1735 1732 1770 favente

320 1790 491 1836 „maiore
517 1790 711 1824 doctorum
744 1790 940 1825 hominum
969 1793 1090 1834 parte,
1121 1790 1266 1826 facere.
1325 1790 1454 1826 Valde
1473 1790 1575 1825 enim
1593 1798 1734 1825 vereor

318 1856 394 1893 „ne
427 1845 600 1891 plerique
630 1844 709 1879 sint
738 1844 776 1879 in
809 1855 853 1880 ea
885 1855 961 1890 qua
990 1846 1187 1880 Kusterus
1218 1844 1296 1880 fuit
1324 1845 1540 1893 sententia,
1572 1845 1651 1892 qui,
1682 1844 1731 1880 ad

322 1901 458 1950 „Suid.
488 1901 536 1937 11.
569 1912 606 1946 p.
638 1898 754 1946 327„
796 1911 871 1936 non
913 1900 1183 1946 postulandum
1223 1902 1409 1949 putabat,
1446 1906 1490 1936 ut
1530 1903 1734 1947 corruptas

322 1961 389 2003 „et
427 1957 579 1992 laceras
624 1959 798 1991 veterum
836 1957 1076 2002 Scriptorum
1123 1956 1312 2001 reliquias
1364 1957 1658 1994 emendaremus
1696 1959 1736 1992 et

324 2012 663 2061 „explicat-emus,
694 2015 907 2058 putentque
936 2012 975 2047 in
1007 2009 1056 2047 iis
1088 2013 1208 2047 bonas
1241 2012 1356 2048 horas
1387 2022 1460 2048 non
1491 2013 1606 2049 valde
1636 2013 1736 2048 bene

324 2068 558 2119 „consumi,
605 2077 693 2103 cum
740 2078 811 2103 nec
849 2067 1068 2103 sententiae
1114 2078 1235 2113 saepe
1273 2068 1478 2104 admodum
1519 2068 1738 2114 probabiles

324 2124 488 2173 „insint,
519 2133 592 2160 nec
620 2123 740 2158 verba
771 2123 900 2168 aliam,
931 2133 1043 2168 quam
1073 2124 1268 2159 interdum
1298 2125 1494 2173 raritatis,
1535 2134 1736 2161 commen-

324 2180 548 2229 „dationem
572 2179 752 2217 habeant.
810 2179 941 2223 Atque
970 2178 1056 2224 ipse
1087 2188 1159 2214 non
1185 2179 1316 2215 dubito
1344 2181 1472 2223 fateri,
1505 2191 1566 2217 me
1584 2190 1738 2225 semper

327 2236 544 2284 „maluisse
583 2235 694 2271 libris
734 2238 908 2271 veterum
939 2235 1178 2280 Scriptorum
1208 2235 1377 2282 integris
1408 2235 1588 2282 legendis
1617 2235 1737 2282 inge-

329 2292 460 2338 „nium
492 2291 538 2326 ad
572 2291 722 2337 copiam
752 2301 879 2326 rerum
910 2293 949 2326 et
979 2292 1182 2326 verborum
1214 2290 1332 2335 alere,
1364 2294 1402 2326 et
1431 2291 1480 2326 ad
1501 2291 1738 2339 elegantiam

269 2346 559 2394 82,‚cogitandi
589 2357 635 2381 ac
664 2346 819 2382 dicendi
852 2357 996 2382 acuere
1026 2357 1072 2382 ac
1100 2346 1243 2392 polire,
1284 2357 1396 2392 quam
1426 2346 1465 2382 in
1497 2349 1668 2382 veterum
1701 2351 1739 2382 et

333 2403 549 2450 „rariorum
589 2403 818 2448 verborum,
866 2409 908 2440 ut
945 2403 1156 2450 Augustus
1204 2403 1368 2438 vocabat
1379 2398 1478 2452 ,***)
1526 2402 1740 2439 foetoribus

333 2457 545 2504 „eruendis
575 2460 612 2493 et
639 2458 867 2504 tractandis,
899 2468 983 2493 cum
1007 2458 1276 2495 Grammaticis
1295 2459 1508 2506 veteribus,
1538 2458 1740 2507 ingenium

331 2599 358 2642 ⁸)
387 2600 592 2632 Callimachi
617 2601 764 2640 elegitur.
797 2600 996 2638 fragmenta
1032 2609 1107 2633 cum
1134 2601 1251 2640 elegia
1275 2601 1403 2633 Catulli
1428 2600 1566 2632 Gallim.
1600 2601 1744 2632 collect.

375 2647 631 2721 {tq¹{e9g'¹¹{m
649 2647 741 2721 laRL.
767 2645 803 2677 C.
833 2647 1068 2678 Valckeuaer.
1104 2651 1226 2687 postea
1258 2647 1367 2678 edidit
1392 2647 1442 2678 lo.
1466 2648 1597 2678 buzae.
1632 2646 1741 2684 bugd.

408 2712 417 2720 .
464 2691 484 2720 7
534 2713 540 2721 .
594 2715 599 2721 ,
663 2691 676 2700 “
713 2712 721 2719 .

337 2741 379 2784 '')
403 2744 455 2776 Cf.
486 2746 580 2776 infra
605 2753 680 2785 pag.
705 2745 782 2776 224.
807 2744 860 2776 ed.
888 2755 939 2785 pr.
986 2747 1058 2777 FP..

337 2799 396 2841 ··’)
421 2803 563 2832 Sueton-
590 2803 678 2839 Ang.
703 2800 758 2830 86.
807 2800 878 2831 FR.
