1816 3233
634 205 940 242 -143—

84 324 190 358 certe
230 322 438 358 Heinerum
478 317 723 367 ingeniorum
762 318 996 365 principem,
1048 323 1087 356 et
1133 320 1305 358 Atticam
1345 318 1495 356 Musam

83 377 403 423 Xenophontem:
435 385 456 410 e
487 375 638 411 Latinis
669 375 919 425 Ciceronem,
959 376 1173 428 Nepotem,
1201 376 1381 419 Livium,
1413 376 1494 420 Te,-
1518 369 1598 405 240

84 433 269 477 rentium,
309 442 355 467 ac
385 433 590 467 Poetarum
622 431 838 477 principes,
886 431 1098 478 Virgilium
1138 433 1306 469 maxime
1344 435 1383 467 et
1411 432 1498 468 flo-

83 490 235 525 ratium.
297 489 450 523 Versus
490 489 620 522 facere
662 487 850 522 neminem
882 487 1126 523 hortabatur:
1168 489 1415 536 hortabatur,
1457 491 1497 521 ut

84 545 248 591 optimos
280 554 453 589 quosque
486 545 626 579 poetas
657 543 857 590 legerent:
896 544 1030 579 horum
1074 544 1237 580 lectione
1278 545 1341 590 qui
1383 553 1494 578 men-

82 606 157 637 tem
190 601 238 636 ad
268 601 392 646 pulcri
429 602 603 644 rectique
632 609 789 634 sensum
829 601 1056 647 formasset,
1098 601 1264 646 indeque
1296 602 1496 636 Musarum

84 660 123 693 et
162 658 270 692 fonte
311 655 483 700 repletus
523 658 562 690 et
598 655 784 690 instinctu
816 656 1011 692 excitatus
1048 656 1097 691 ad
1129 667 1282 692 carmen
1316 665 1496 703 pangen—

83 713 171 748 dum
201 713 390 758 t‘erretur,
420 711 455 746 si
485 711 638 757 quidem
671 711 707 746 ei
737 711 895 747 adesset

350 788 571 835 Ingenium,
601 809 655 814 —
688 799 793 824 mens
825 789 993 825 divinior
1024 792 1140 836 atquc
1171 800 1214 826 os

351 843 501 892 Magna
530 845 821 891 sonaturum,')

83 924 200 960 huius
229 923 411 967 impetum
442 922 606 968 regebat
634 922 800 967 ratione,
834 922 949 958 huius
979 924 1147 959 studium
1180 914 1399 970 praeceptis
1429 924 1495 959 iu-

83 980 221 1015 vabat:
261 978 326 1024 qui
363 978 468 1014 illam
499 988 606 1023 spem
638 987 713 1013 non
744 978 959 1023 adferrent,
997 980 1066 1015 hos
1099 982 1291 1029 monebat,
1323 983 1365 1014 ut
1395 979 1496 1014 intra

83 1045 220 1082 prosae
249 1034 436 1070 orationis
465 1034 563 1068 fines
593 1042 636 1068 se
666 1035 920 1070 continerent.
980 1035 1156 1072 Omnium
1197 1047 1290 1072 vero
1329 1035 1496 1070 maxime

84 1100 308 1138 perversum
353 1099 485 1125 eorum
525 1089 767 1134 improbabat
814 1100 980 1136 morem,
1025 1092 1110 1137 qui,
1163 1102 1278 1137 quum
1328 1091 1494 1127 nondum

83 1147 213 1183 sciunt
242 1145 334 1192 quid
365 1146 417 1181 sit
449 1146 646 1189 Latinum,
675 1156 747 1181 nee
789 1146 1014 1182 Latinitatis
1047 1149 1338 1184 Grammaticam
1371 1147 1495 1182 ratio-

84 1202 192 1248 nem,
244 1212 320 1239 nee
352 1211 493 1247 prosae
532 1201 719 1236 orationis
762 1203 1013 1247 probabiliter
1053 1205 1286 1240 scribendae
1325 1203 1498 1239 faculta-

83 1262 185 1305 tem,
224 1260 380 1305 tenent,
422 1261 547 1292 tamen
589 1260 628 1292 et
667 1257 743 1302 ipsi
789 1268 928 1293 versus
968 1260 1138 1306 faciunt,
1180 1263 1219 1294 et
1256 1259 1498 1295 indoctiores

83 1315 200 1351 etiam
238 1314 337 1359 ipsis
374 1312 589 1358 discipulos
620 1323 759 1348 versus
792 1314 925 1349 facere
955 1314 1109 1351 iubent:
1155 1316 1255 1360 quod
1286 1325 1408 1360 aeque
1438 1315 1494 1350 ri—

81 1371 252 1417 diculum
284 1380 396 1416 esse,
435 1379 481 1404 ae
510 1368 543 1404 si
574 1379 596 1404 e
627 1369 800 1416 duobus,
830 1380 990 1415 quorum
1022 1374 1160 1407 neuter
1190 1372 1355 1418 pedibus
1383 1372 1498 1407 ince-

83 1427 175 1463 dere
211 1429 367 1472 posset,
410 1425 510 1460 alter
546 1425 709 1460 alterum
750 1426 895 1461 saltare
936 1424 1171 1474 iuberet.**)
1231 1428 1418 1472 omnine,
1458 1432 1498 1463 ut

84 1482 312 1519 emendandi
342 1481 562 1528 libidinem,
592 1483 645 1516 ita
677 1484 714 1517 et
744 1482 868 1528 hane,
900 1483 1050 1518 ratione
1081 1484 1353 1532 corrigendam
1385 1494 1496 1519 esse:

83 1539 202 1575 huius
247 1537 505 1585 corrigendae
551 1537 846 1574 saluberrimum
896 1549 985 1574 esse
1031 1541 1245 1576 remedium
1293 1540 1496 1575 lectionem

83 1595 381 1631 Horatianarum
412 1594 460 1628 de
489 1595 588 1629 Arte
620 1594 776 1629 Poetica
808 1594 1094 1639 Epistolarum:
1127 1597 1196 1632 has
1227 1597 1428 1642 omnibus,
1461 1600 1494 1630 ct

81 1651 318 1687 facientibus
349 1659 489 1685 versus
520 1653 557 1684 et
589 1659 661 1684 non
693 1650 953 1696 facientibus,
983 1651 1214 1687 ediscendas
1245 1652 1490 1688 commenda—
1512 1651 1594 1688 241

81 1708 262 1749 batzqhis
293 1706 357 1751 qui
390 1715 463 1741 non
490 1706 626 1740 melior
656 1706 785 1750 fieret,
817 1707 851 1741 ei
883 1707 1110 1751 Anticyram
1143 1709 1364 1745 abeundum
1396 1718 1498 1744 esse.

81 1765 133 1800 Et
162 1763 262 1810 quod
294 1762 479 1798 Horatius
511 1761 715 1796 verissime
744 1763 989 1808 pronunciat,

194 1839 401 1877 scribendi
430 1841 538 1874 recte
568 1848 707 1884 sapere
738 1842 798 1874 est
829 1842 867 1874 et
898 1839 1131 1885 principium
1164 1844 1203 1877 et
1232 1843 1344 1887 fons3

197 1897 293 1934 Rem
324 1896 396 1932 tibi
427 1895 652 1931 Socraticae
685 1898 864 1940 poterunt
895 1897 1101 1933 ostendere
1133 1894 1402 1946 chartae:***)

84 1984 158 2011 non
190 1973 301 2010 modo
330 1983 421 2023 res,
450 1973 520 2008 sed
561 1971 773 2019 rationem,
812 1973 851 2007 in
893 1974 1181 2009 Socraticorum
1211 1975 1322 2011 libris
1362 1977 1498 2012 consi-

83 2033 241 2078 gnatam
264 2039 376 2065 esse:
409 2039 480 2064 nee
499 2038 588 2063 esse
606 2027 709 2063 aliud
731 2028 936 2074 quidquam
961 2031 1088 2077 magis
1108 2032 1364 2079 Socraticum,
1384 2042 1495 2078 quam

83 2085 391 2122 adolescentium
421 2081 735 2132 ἐκπνευματοῦν
765 2080 840 2121 τὸν
869 2083 1088 2135 τύφου,·Ξ-)
1125 2088 1278 2123 inanem
1309 2091 1495 2125 tumorem

82 2153 129 2178 ae
166 2145 321 2178 ventum
360 2152 410 2177 ex
439 2140 581 2176 animis
620 2140 847 2187 detrahere,
888 2141 1254 2190 praeiudicatasque
1293 2145 1497 2190 opiniones

84 2208 332 2246 expurgare,
373 2197 568 2243 animique
608 2197 743 2232 oculos
783 2196 822 2232 in
853 2207 898 2233 se
928 2198 1082 2245 ipsum,
1122 2202 1160 2235 et
1191 2200 1237 2235 ad
1275 2200 1339 2236 sui
1369 2201 1497 2247 ipsius

83 2254 367 2303 cognitionem,
413 2256 655 2290 convertere.
719 2252 849 2300 Igitur
887 2253 1116 2301 discipulis,
1163 2255 1198 2291 si
1233 2256 1324 2301 quid
1375 2257 1495 2305 aliud,
1530 2302 1538 2307 ‚

82 2311 272 2346 suadebat
310 2313 352 2346 ut
389 2311 697 2356 Xenophonteos
736 2312 775 2344 et
816 2309 1041 2346 Platonicos
1079 2311 1259 2359 legerent
1296 2313 1495 2361 dialogos:

82 2367 225 2413 quippe
255 2366 322 2412 qui
354 2377 428 2402 non
449 2366 572 2402 solum
593 2364 834 2401 verissimam
866 2365 1023 2402 Atticae
1054 2366 1282 2415 elegantiae
1312 2379 1496 2416 normam,

82 2473 112 2513 ⁸)
137 2476 259 2507 Horat.
283 2478 356 2508 Sat.
383 2477 414 2513 1,
438 2476 470 2515 4,
495 2476 552 2507 43.
601 2477 674 2507 ΕΒ.

81 2517 126 2558 ⁸⁹)
152 2521 207 2551 Ab
231 2521 300 2551 hoc
323 2524 516 2561 praecepto
540 2520 743 2552 eximendas
768 2527 849 2550 esse
873 2529 1035 2552 versuum
1062 2522 1304 2554 faciendorum
1331 2526 1365 2555 in
1391 2526 1497 2556 scho-

130 2565 173 2594 lis
197 2567 493 2604 exercitationeS‚
528 2574 630 2597 nemo
655 2574 724 2596 non
750 2565 864 2604 videt,
901 2568 960 2605 qui
984 2568 1038 2597 vel
1067 2568 1241 2599 tantillum
1266 2569 1309 2599 de
1335 2568 1496 2609 discipli-

129 2616 197 2640 nae
219 2611 456 2643 scholasticae
482 2612 679 2643 rationibus
704 2612 932 2650 cogitaverit.
980 2611 1263 2644 LlNDEMANN.

80 2650 142 2690 η’)
166 2653 290 2685 Horat.
315 2657 395 2688 Art.
421 2654 521 2687 Ροὲι.
545 2656 624 2688 309.

82 2695 120 2739 ᾗ)
143 2698 354 2731 Plutarchus
377 2701 431 2732 De
455 2701 652 2732 Audiendis
677 2700 900 2738 Philosophis
929 2709 960 2739 p.
987 2700 1042 2731 39.
1067 2701 1110 2732 D.
1159 2703 1366 2740 Quaestion.
1415 2705 1494 2734 Pla-

123 2744 231 2818 ἓὸιιίο.
266 2743 290 2774 1.
332 2753 364 2784 p.
398 2747 453 2776 99.
494 2750 529 2777 et
579 2746 677 2778 1080.
726 2744 890 2776 Biblioth.
929 2743 1016 2776 Crit.
1054 2746 1136 2778 Vol.
1176 2747 1234 2778 ΙΙΙ.
1267 2748 1361 2780 Part.
1394 2748 1420 2779 1.
1460 2758 1493 2788 p.

173 2809 180 2817 .
205 2795 278 2827 seq.
