1816 3233
876 224 1185 272 ...QG-.-

360 341 432 376 nal.
456 341 532 374 178.
559 341 638 374 189.
664 339 728 374 bis.
751 341 833 377 207.
858 341 922 376 bis.
953 344 990 376 in

361 387 452 419 Hist.
477 387 554 420 172.

315 432 401 464 'ram
427 448 468 455 —-
492 440 536 464 ac
556 439 630 472 pro
647 433 716 466 tam
734 451 775 458 —-
792 442 894 476 quam
910 434 989 468 187.

314 477 473 509 Tandem
495 477 531 509 et
553 479 702 521 denique
725 478 804 512 197.

317 521 497 562 Tanquam
519 522 598 555 206.

313 566 464 598 Tan-dior
487 570 573 601 exiit
595 569 737 601 libellus
759 569 840 603 169.

316 610 533 652 Temporum
557 615 763 647 consecutio
788 615 868 647 171.

315 656 472 699 Tempus
507 659 714 693 distractum
750 662 989 702 agitatumque

357 703 436 737 201.
492 707 663 745 temporis
712 708 871 746 paucitas
915 714 988 746 pro

360 750 558 788 temporum
582 759 683 789 pauc.
710 751 788 783 191.
826 754 990 792 tempora

359 796 560 827 novissima
592 795 782 837 (extrema)
819 805 892 836 pro
922 806 987 829 re-

357 841 574 874 centissimis
613 842 690 874 185.
738 841 816 874 Vad-
849 842 988 874 Adver-

356 886 457 916 sitas.
499 900 504 901 ν

312 930 452 962 Tener:
491 939 513 963 a
546 933 672 963 tenero
704 930 870 973 (teneris)
909 932 987 965 177.

357 976 395 1007 in
419 977 556 1009 teneris
579 975 667 1009 ibid.
697 978 780 1010 inde
803 986 825 1010 a
850 979 988 1011 teneris

311 1065 451 1099 Tenor:
476 1075 545 1099 uno
571 1068 698 1100 tenore
722 1067 799 1099 197.
837 1076 928 1110 uno,
952 1071 990 1101 ut

357 1113 472 1152 aiunt,
511 1114 657 1153 tenore,
694 1121 763 1145 uno
798 1116 899 1154 quasi
931 1116 988 1146 te-

357 1164 466 1198 nore,
494 1165 564 1189 uuo
588 1160 625 1190 et
649 1161 823 1198 perpetuo
848 1161 987 1199 (conti-

356 1200 444 1279 nug)
485 1204 633 1243 tenore,
681 1205 822 1245 aequali
860 1207 988 1237 tenore

358 1247 402 1278 17
431 1270 438 1277 .

310 1292 448 1325 Tenus:
472 1293 762 1334 rudimentorum,
779 1295 989 1327 rudimentis

356 1340 465 1369 tenus
490 1338 567 1369 190.

313 1382 564 1415 Terentius
619 1385 654 1415 in
700 1384 857 1416 Eunucli.
908 1384 988 1416 188.

357 1428 436 1459 191.
462 1429 497 1459 in
521 1428 648 1461 Heaut.
674 1429 749 1461 172.
786 1432 822 1461 iu
847 1430 986 1462 Pliorin.

310 1518 434 1551 'rei-ris
460 1516 544 1559 (his)
569 1520 714 1558 ereptus
739 1518 815 1551 175.

310 1564 447 1596 Textus
470 1563 549 1595 198.

311 1610 462 1641 'rinctus
488 1609 564 1640 198.

311 1654 478 1687 Titillare
500 1653 661 1693 Epicuri
682 1653 832 1687 verbum
858 1654 933 1687 181.

309 1700 447 1732 Titulus
487 1700 565 1731 libri
605 1699 826 1741 (inscriptio,
865 1700 986 1743 iudex)

356 1745 435 1778 175.
472 1746 656 1777 titulorum
681 1747 824 1778 ambitio
857 1748 986 1785 (studi-

355 1798 433 1831 um,
457 1792 627 1831 cupiditas
642 1813 652 1833 ‚
687 1791 882 1833 contentio)
909 1792 985 1825 179.

311 1834 476 1868 Tollere:
505 1835 580 1868 vid.
604 1836 838 1868 Pulvisculus.

310 1881 423 1914 'sotus
446 1881 481 1913 et
504 1883 693 1914 universus
724 1881 805 1913 191.
843 1883 879 1914 in
910 1883 985 1914 toto

357 1927 446 1959 orbe
477 1924 556 1958 181.
594 1930 705 1960 totum
734 1930 899 1968 quantum
928 1936 989 1960 re-

355 1972 427 2003 fert
451 1971 528 2003 187.

309 2014 505 2049 Triumviri
528 2017 605 2049 175.

309 2062 432 2094 'rubus
457 2064 656 2102 ignivomus
680 2062 758 2095 207.

310 2107 411 2147 Tum,
436 2111 507 2140 tum
532 2117 619 2140 vero
645 2108 723 2140 181.

312 2152 581 2194 Typographia‚
607 2154 888 2193 typographeum
906 2152 986 2185 200.

310 2198 586 2240 'typographica
609 2201 808 2238 specimina
826 2198 901 2230 184.
926 2202 988 2239 ty-

339 2245 592 2284 ·pographicae
625 2245 790 2286 chartae,
824 2245 988 2284 plagulae

355 2287 444 2320 ibid.

310 2332 462 2366 Uberius
487 2340 715 2374 cognoscere
741 2335 817 2366 173.

311 2379 425 2421 Ultra,
447 2380 599 2412 ulterius
620 2379 697 2410 206.

312 2423 411 2456 Ultro
439 2424 515 2456 174.
542 2425 618 2456 180.

310 2469 460 2509 Ulysses
485 2478 534 2500 cm
557 2470 679 2502 Ulixes
705 2469 785 2501 197.

311 2514 536 2547 Umbraticus
560 2516 685 2547 doctor
703 2514 783 2546 185.

312 2558 411 2591 Unde
442 2558 534 2592 Adv.
566 2560 615 2592 ad
643 2568 789 2600 person.
822 2557 986 2600 refertur

311 2647 422 2682 Unice
445 2650 524 2682 172.
548 2649 624 2682 197.

311 2693 441 2727 Unicus
463 2696 554 2728 filius
580 2694 770 2735 (maritus),
793 2696 896 2728 unica
915 2694 987 2728 filia

357 2740 440 2772 206.
464 2742 586 2773 unicus
610 2742 701 2774 liber
723 2741 801 2773 206.

312 2783 533 2820 Universalis
557 2786 636 2818 185.

1058 341 1282 418 Universlitas
1315 340 1501 378 literarum
1533 342 1569 378 et
1605 340 1736 378 acade-

1104 387 1175 419 mia
1221 387 1277 419 86.

1057 432 1256 464 Universus
1283 432 1319 464 et
1343 434 1437 467 totus
1453 434 1533 467 191.
1556 458 1558 462 ,

1057 478 1133 509 Uno
1159 480 1285 510 tenore
1309 477 1388 511 174.
1415 479 1495 511 197.

1057 523 1179 562 Usque
1211 523 1255 555 ad
1287 523 1447 567 dicitur,
1486 525 1530 558 ad
1559 539 1604 549 -·
1624 532 1737 568 usque

1102 575 1176 599 non
1199 568 1286 600 item
1308 569 1388 601 206.

1059 614 1148 644 Usus
1174 615 1289 646 malus
1312 621 1576 656 perversusque
1600 614 1679 646 176.

1058 659 1102 690 Ut
1124 658 1161 689 et
1185 660 1276 700 quod
1301 659 1379 691 174.
1410 659 1489 691 176.
1520 664 1560 692 ut
1583 667 1629 693 ne
1652 659 1735 692 173.

1102 704 1206 735 iubeo
1241 707 1278 737 ut
1302 704 1381 736 207.
1420 712 1574 737 necesse
1607 706 1736 747 estut,

1105 752 1248 788 oportet
1272 752 1311 780 ut
1334 749 1412 781 202.
1451 753 1487 782 ut
1523 753 1578 782 est
1611 752 1735 790 captus

1105 795 1283 826 hominum
1307 793 1386 827 178.
1413 798 1453 826 ut
1475 797 1524 826 ita
1548 796 1661 828 dicam
1684 794 1736 826 ad

1103 840 1354 871 eoecuscmdum
1386 839 1657 872 insolentiorem
1686 848 1734 871 u-

1102 892 1182 916 sum
1209 884 1404 917 verborum
1435 885 1629 918 adhibetur
1653 885 1733 918 181.

1104 930 1183 962 188.
1219 934 1256 963 ut
1279 948 1324 954 -—
1347 932 1397 963 ita
1429 933 1547 964 statim
1576 931 1657 964 190.
1696 932 1736 964 ut

1101 977 1215 1008 semel
1239 992 1282 999 -—
1305 978 1357 1008 ita
1379 975 1462 1008 208.

1057 1020 1216 1062 Uterque
1246 1029 1329 1053 cam
1351 1020 1497 1054 Plural.
1533 1020 1734 1054 construct-

1057 1110 1273 1144 Valedicere
1311 1111 1419 1143 alicui
1453 1111 1489 1145 in
1527 1113 1735 1153 perpetuum

1057 1201 1190 1234 Valere
1215 1202 1293 1233 dico
1317 1200 1395 1232 206.
1429 1202 1532 1234 iubeo
1555 1199 1644 1234 ibid.
1670 1209 1735 1234 va·-

1103 1247 1175 1278 leat
1188 1245 1273 1278 ibid.
1299 1248 1423 1279 valere
1440 1249 1617 1280 adversus
1631 1245 1733 1289 (con-

1103 1291 1175 1331 tra)
1200 1293 1347 1332 aliquem
1376 1293 1451 1324 185.

1058 1337 1211 1369 Varro
1237 1338 1280 1369 de
1304 1339 1346 1369 R.
1373 1339 1415 1370 R.
1440 1338 1516 1370 179.

1057 1383 1219 1424 Vectigal
1242 1390 1315 1422 pro
1339 1384 1454 1414 reditu
1477 1383 1556 1414 201.

1056 1428 1289 1460 vehementia
1311 1435 1383 1466 pro
1406 1429 1538 1460 ardore
1560 1426 1642 1462 180.

1058 1473 1264 1512 Velitarius,
1289 1474 1451 1505 velitaris
1476 1472 1553 1505 196.

1056 1518 1165 1550 Velut
1188 1518 1328 1558 (veluti)
1346 1523 1418 1557 pro
1434 1520 1546 1558 quasi,
1572 1520 1733 1559 tanquam
1796 1523 1816 1563 ῖς

1102 1563 1178 1594 177.
1218 1563 1328 1594 veluti
1351 1564 1491 1603 quidam
1522 1563 1599 1595 179.
1638 1562 1735 1596 velut
1809 1569 1816 1581 ⁶

1102 1608 1141 1638 in
1159 1608 1358 1640 tralatione
1375 1608 1544 1641 lenienda
1558 1608 1636 1641 202.
1653 1607 1735 1642 206.
1783 1618 1787 1622 ’

1057 1654 1218 1685 venatici
1244 1662 1354 1686 canes
1377 1654 1455 1686 207.

1055 1698 1192 1730 Venire
1217 1700 1332 1739 gratis
1355 1697 1435 1732 180.

1056 1743 1191 1776 Venire
1216 1747 1251 1776 in
1277 1745 1493 1790 oblivionem
1519 1744 1598 1777 181.

1056 1790 1178 1821 Verbo
1210 1792 1364 1830 (paucis,
1402 1791 1578 1832 breviter,
1615 1789 1734 1832 brevi)

1102 1836 1222 1866 dicere
1248 1836 1324 1867 192.
1350 1836 1431 1867 196.

1058 1881 1245 1911 veridicus
1271 1879 1411 1922 (verax)
1438 1880 1518 1913 187.

1056 1926 1270 1965 veriloquus
1296 1925 1375 1956 187.

1056 1970 1172 2002 Vero:
1198 1970 1272 2001 vid.
1298 1970 1382 2001 Sed.

1058 2015 1292 2047 versificator
1313 2013 1394 2046 204.

1056 2061 1191 2093 verus:
1216 2060 1290 2091 vid.
1316 2060 1560 2092 Adulteriuus.

1055 2107 1188 2138 vetare
1212 2106 1390 2146 quomodo
1406 2104 1638 2138 constr-uena.
1651 2103 1730 2138 194.

1055 2151 1212 2183 viduare
1238 2152 1316 2182 188.

1056 2197 1198 2229 Vindex
1223 2194 1425 2237 (defensor)
1449 2195 1528 2228 173.

1055 2242 1197 2273 Vindex
1221 2240 1444 2282 (defenso-ix)
1469 2242 1548 2274 205.

1056 2288 1161 2318 Vires
1187 2295 1270 2318 suas
1293 2288 1484 2319 consulere
1507 2287 1586 2319 205.

1056 2333 1284 2372 Virgilius
1325 2334 1362 2363 in
1394 2334 1481 2364 Aen.
1530 2332 1604 2363 172.
1648 2330 1727 2365 194.

1101 2377 1181 2408 199.
1207 2377 1286 2408 202.
1311 2377 1391 2409 208.
1429 2380 1464 2408 in
1489 2377 1623 2418 Georg.
1649 2376 1727 2409 177.

1102 2421 1148 2453 ab
1173 2421 1328 2453 aemulis
1358 2422 1480 2453 dictus
1511 2422 1564 2454 est
1596 2424 1730 2462 compi-

1102 2469 1197 2499 lator
1219 2473 1379 2499 veterum
1404 2466 1483 2499 192.

1054 2513 1139 2545 Vita
1162 2514 1332 2545 distracta
1356 2511 1547 2554 (districta)
1570 2511 1651 2543 201.
1684 2512 1728 2543 li-

1100 2562 1215 2590 tei-ata
1238 2557 1316 2589 182.
1349 2560 1446 2592 vitae
1470 2559 1529 2589 lux
1553 2557 1630 2589 202.
1655 2558 1730 2590 vita

1099 2603 1285 2635 defunctus
1310 2603 1387 2634 188.

1053 2649 1275 2689 Vitilitigare
1298 2648 1380 2679 204.

1053 2694 1285 2734 Vitilitigator
1307 2692 1386 2724 204.

1054 2738 1188 2771 Vulnus
1213 2741 1395 2777 imponere
1418 2737 1497 2770 201.

1050 2783 1298 2824 Xenophontis
1320 2790 1437 2816 sermo
1461 2782 1538 2816 194.

842 2851 1204 2871 -ᾡ-
