<?xml version="1.0" encoding="UTF-8"?>
<!DOCTYPE html PUBLIC "-//W3C//DTD XHTML 1.0 Transitional//EN"
    "http://www.w3.org/TR/xhtml1/DTD/xhtml1-transitional.dtd">
<html xmlns="http://www.w3.org/1999/xhtml" xml:lang="en" lang="en">
 <head>
  <title>
</title>
<meta http-equiv="Content-Type" content="text/html;charset=utf-8" />
  <meta name='ocr-system' content='tesseract 3.04.00' />
  <meta name='ocr-capabilities' content='ocr_page ocr_carea ocr_par ocr_line ocrx_word'/>
</head>
<body>
  <div class='ocr_page' id='page_1' title='image "./vitadavidisruhnk00wyttuoft_0160.png"; bbox 0 0 1816 3233; ppageno 0'>
   <div class='ocr_carea' id='block_1_1' title="bbox 848 150 1149 188">
    <p class='ocr_par' dir='ltr' id='par_1_1' title="bbox 848 150 1149 188">
     <span class='ocr_line' id='line_1_1' title="bbox 848 150 1149 188; baseline -0.003 0"><span class='ocrx_word' id='word_1_1' title='bbox 848 150 1149 188; x_wconf 77' lang='lat'>-152—</span> 
     </span>
    </p>
   </div>
   <div class='ocr_carea' id='block_1_2' title="bbox 184 264 1701 1820">
    <p class='ocr_par' dir='ltr' id='par_1_2' title="bbox 279 264 1697 813">
     <span class='ocr_line' id='line_1_2' title="bbox 281 264 1691 316; baseline -0.001 -13"><span class='ocrx_word' id='word_1_2' title='bbox 281 268 384 311; x_wconf 81' lang='lat' dir='ltr'>ralis,</span> <span class='ocrx_word' id='word_1_3' title='bbox 416 265 697 302; x_wconf 85' lang='lat' dir='ltr'>consuetudine</span> <span class='ocrx_word' id='word_1_4' title='bbox 728 273 879 309; x_wconf 89' lang='lat' dir='ltr'>quoque</span> <span class='ocrx_word' id='word_1_5' title='bbox 910 264 1108 300; x_wconf 78' lang='lat' dir='ltr'>sociabilis</span> <span class='ocrx_word' id='word_1_6' title='bbox 1138 268 1177 298; x_wconf 88' lang='lat' dir='ltr'>et</span> <span class='ocrx_word' id='word_1_7' title='bbox 1208 264 1427 316; x_wconf 68' lang='lat' dir='ltr'>hospitalis,</span> <span class='ocrx_word' id='word_1_8' title='bbox 1458 266 1565 313; x_wconf 83' lang='lat' dir='ltr'>longi</span> <span class='ocrx_word' id='word_1_9' title='bbox 1588 268 1691 301; x_wconf 87' lang='lat' dir='ltr'>tem-</span> 
     </span>
     <span class='ocr_line' id='line_1_3' title="bbox 280 318 1690 368; baseline -0.001 -9"><span class='ocrx_word' id='word_1_10' title='bbox 280 324 384 368; x_wconf 88' lang='lat' dir='ltr'>poris</span> <span class='ocrx_word' id='word_1_11' title='bbox 415 333 487 357; x_wconf 87' lang='lat' dir='ltr'>usu</span> <span class='ocrx_word' id='word_1_12' title='bbox 530 321 644 356; x_wconf 83' lang='lat' dir='ltr'>etiam</span> <span class='ocrx_word' id='word_1_13' title='bbox 687 319 890 355; x_wconf 83' lang='lat' dir='ltr'>multorum</span> <span class='ocrx_word' id='word_1_14' title='bbox 931 319 1263 355; x_wconf 75' lang='lat' dir='ltr'>familiaritatibus</span> <span class='ocrx_word' id='word_1_15' title='bbox 1303 318 1516 365; x_wconf 87' lang='lat' dir='ltr'>implicitus</span> <span class='ocrx_word' id='word_1_16' title='bbox 1561 326 1690 365; x_wconf 76' lang='lat' dir='ltr'>esset3</span> 
     </span>
     <span class='ocr_line' id='line_1_4' title="bbox 282 375 1690 422; baseline 0 -10"><span class='ocrx_word' id='word_1_17' title='bbox 282 383 411 414; x_wconf 84' lang='lat' dir='ltr'>facere</span> <span class='ocrx_word' id='word_1_18' title='bbox 443 387 514 412; x_wconf 85' lang='lat' dir='ltr'>non</span> <span class='ocrx_word' id='word_1_19' title='bbox 548 379 711 421; x_wconf 87' lang='lat' dir='ltr'>poterat,</span> <span class='ocrx_word' id='word_1_20' title='bbox 743 376 834 420; x_wconf 91' lang='lat' dir='ltr'>quin</span> <span class='ocrx_word' id='word_1_21' title='bbox 866 386 948 422; x_wconf 63' lang='grc' dir='ltr'>θος,</span> <span class='ocrx_word' id='word_1_22' title='bbox 979 376 1210 420; x_wconf 85' lang='lat' dir='ltr'>quibuscum</span> <span class='ocrx_word' id='word_1_23' title='bbox 1254 375 1330 419; x_wconf 90' lang='lat' dir='ltr'>ipsi</span> <span class='ocrx_word' id='word_1_24' title='bbox 1363 376 1547 420; x_wconf 78' lang='lat' dir='ltr'><strong>quaedam</strong></span> <span class='ocrx_word' id='word_1_25' title='bbox 1578 378 1690 412; x_wconf 87' lang='lat' dir='ltr'>noti-</span> 
     </span>
     <span class='ocr_line' id='line_1_5' title="bbox 283 430 1694 478; baseline -0.001 -9"><span class='ocrx_word' id='word_1_26' title='bbox 283 435 381 477; x_wconf 92' lang='lat' dir='ltr'>tiae,</span> <span class='ocrx_word' id='word_1_27' title='bbox 427 431 744 475; x_wconf 81' lang='lat' dir='ltr'>consuetudinis,</span> <span class='ocrx_word' id='word_1_28' title='bbox 783 431 927 478; x_wconf 82' lang='lat' dir='ltr'>officii,</span> <span class='ocrx_word' id='word_1_29' title='bbox 973 431 1168 477; x_wconf 87' lang='lat' dir='ltr'>studiive,</span> <span class='ocrx_word' id='word_1_30' title='bbox 1211 430 1389 466; x_wconf 77' lang='lat' dir='ltr'>societas</span> <span class='ocrx_word' id='word_1_31' title='bbox 1420 431 1694 476; x_wconf 80' lang='lat' dir='ltr'>intercederet,</span> 
     </span>
     <span class='ocr_line' id='line_1_6' title="bbox 282 486 1694 540; baseline 0 -17"><span class='ocrx_word' id='word_1_32' title='bbox 282 491 446 524; x_wconf 83' lang='lat' dir='ltr'>libenter</span> <span class='ocrx_word' id='word_1_33' title='bbox 488 488 549 522; x_wconf 87' lang='lat' dir='ltr'>vel</span> <span class='ocrx_word' id='word_1_34' title='bbox 593 487 641 521; x_wconf 85' lang='lat' dir='ltr'>ad</span> <span class='ocrx_word' id='word_1_35' title='bbox 681 497 852 522; x_wconf 86' lang='lat' dir='ltr'>mensam</span> <span class='ocrx_word' id='word_1_36' title='bbox 884 486 1112 538; x_wconf 81' lang='lat' dir='ltr'>adhiberet,</span> <span class='ocrx_word' id='word_1_37' title='bbox 1156 487 1218 521; x_wconf 90' lang='lat' dir='ltr'>vel</span> <span class='ocrx_word' id='word_1_38' title='bbox 1259 487 1440 522; x_wconf 86' lang='lat' dir='ltr'>convivio</span> <span class='ocrx_word' id='word_1_39' title='bbox 1472 488 1694 540; x_wconf 65' lang='lat' dir='ltr'>honoraret,</span> 
     </span>
     <span class='ocr_line' id='line_1_7' title="bbox 283 542 1694 588; baseline 0.001 -12"><span class='ocrx_word' id='word_1_40' title='bbox 283 545 341 578; x_wconf 83' lang='lat' dir='ltr'>vel</span> <span class='ocrx_word' id='word_1_41' title='bbox 375 543 543 588; x_wconf 85' lang='lat' dir='ltr'>hospitio</span> <span class='ocrx_word' id='word_1_42' title='bbox 573 543 784 588; x_wconf 85' lang='lat' dir='ltr'>acciperet.</span> <span class='ocrx_word' id='word_1_43' title='bbox 844 543 1038 578; x_wconf 80' lang='lat' dir='ltr'>Musicam</span> <span class='ocrx_word' id='word_1_44' title='bbox 1063 553 1166 588; x_wconf 67' lang='lat' dir='ltr'>puer</span> <span class='ocrx_word' id='word_1_45' title='bbox 1192 542 1408 577; x_wconf 83' lang='lat' dir='ltr'>didicerat:</span> <span class='ocrx_word' id='word_1_46' title='bbox 1442 545 1577 588; x_wconf 83' lang='lat' dir='ltr'>postea</span> <span class='ocrx_word' id='word_1_47' title='bbox 1607 545 1694 578; x_wconf 79' lang='lat' dir='ltr'>eius</span> 
     </span>
     <span class='ocr_line' id='line_1_8' title="bbox 281 598 1694 648; baseline 0 -15"><span class='ocrx_word' id='word_1_48' title='bbox 281 608 446 634; x_wconf 77' lang='lat' dir='ltr'>amorem</span> <span class='ocrx_word' id='word_1_49' title='bbox 478 599 652 643; x_wconf 80' lang='lat' dir='ltr'>retinuit,</span> <span class='ocrx_word' id='word_1_50' title='bbox 685 609 757 634; x_wconf 88' lang='lat' dir='ltr'>non</span> <span class='ocrx_word' id='word_1_51' title='bbox 788 603 831 634; x_wconf 87' lang='lat' dir='ltr'>ut</span> <span class='ocrx_word' id='word_1_52' title='bbox 861 609 945 634; x_wconf 88' lang='lat' dir='ltr'>eam</span> <span class='ocrx_word' id='word_1_53' title='bbox 977 599 1196 648; x_wconf 74' lang='lat' dir='ltr'>t’actitaret,</span> <span class='ocrx_word' id='word_1_54' title='bbox 1224 598 1295 633; x_wconf 85' lang='lat' dir='ltr'>sed</span> <span class='ocrx_word' id='word_1_55' title='bbox 1324 602 1366 633; x_wconf 90' lang='lat' dir='ltr'>ut</span> <span class='ocrx_word' id='word_1_56' title='bbox 1398 598 1510 634; x_wconf 87' lang='lat' dir='ltr'>docte</span> <span class='ocrx_word' id='word_1_57' title='bbox 1540 599 1694 634; x_wconf 86' lang='lat' dir='ltr'>audiret</span> 
     </span>
     <span class='ocr_line' id='line_1_9' title="bbox 281 654 1697 701; baseline -0.001 -12"><span class='ocrx_word' id='word_1_58' title='bbox 281 668 326 689; x_wconf 82' lang='lat' dir='ltr'>ac</span> <span class='ocrx_word' id='word_1_59' title='bbox 356 655 568 690; x_wconf 84' lang='lat' dir='ltr'>iudicaret:</span> <span class='ocrx_word' id='word_1_60' title='bbox 598 655 714 690; x_wconf 87' lang='lat' dir='ltr'>filiam</span> <span class='ocrx_word' id='word_1_61' title='bbox 745 655 927 690; x_wconf 89' lang='lat' dir='ltr'>maiorem</span> <span class='ocrx_word' id='word_1_62' title='bbox 959 665 1027 700; x_wconf 87' lang='lat' dir='ltr'>per</span> <span class='ocrx_word' id='word_1_63' title='bbox 1057 655 1221 700; x_wconf 89' lang='lat' dir='ltr'>optimos</span> <span class='ocrx_word' id='word_1_64' title='bbox 1251 654 1464 701; x_wconf 78' lang='lat' dir='ltr'>magistros</span> <span class='ocrx_word' id='word_1_65' title='bbox 1493 655 1541 689; x_wconf 84' lang='lat' dir='ltr'>ad</span> <span class='ocrx_word' id='word_1_66' title='bbox 1572 663 1697 701; x_wconf 83' lang='lat' dir='ltr'>egre-</span> 
     </span>
     <span class='ocr_line' id='line_1_10' title="bbox 279 710 1695 758; baseline 0 -13"><span class='ocrx_word' id='word_1_67' title='bbox 279 711 384 758; x_wconf 74' lang='lat' dir='ltr'>giam</span> <span class='ocrx_word' id='word_1_68' title='bbox 436 711 602 746; x_wconf 80' lang='lat' dir='ltr'>canendi</span> <span class='ocrx_word' id='word_1_69' title='bbox 651 711 852 745; x_wconf 85' lang='lat' dir='ltr'>scientiam</span> <span class='ocrx_word' id='word_1_70' title='bbox 903 711 1206 755; x_wconf 79' lang='lat' dir='ltr'>facultatemque</span> <span class='ocrx_word' id='word_1_71' title='bbox 1258 710 1456 755; x_wconf 83' lang='lat' dir='ltr'>erudiret3</span> <span class='ocrx_word' id='word_1_72' title='bbox 1499 720 1569 745; x_wconf 90' lang='lat' dir='ltr'>nec</span> <span class='ocrx_word' id='word_1_73' title='bbox 1611 712 1695 745; x_wconf 87' lang='lat' dir='ltr'>fere</span> 
     </span>
     <span class='ocr_line' id='line_1_11' title="bbox 280 765 1696 813; baseline 0.001 -13"><span class='ocrx_word' id='word_1_74' title='bbox 280 770 346 801; x_wconf 83' lang='lat' dir='ltr'>aut</span> <span class='ocrx_word' id='word_1_75' title='bbox 378 767 572 812; x_wconf 89' lang='lat' dir='ltr'>publicum</span> <span class='ocrx_word' id='word_1_76' title='bbox 603 767 994 811; x_wconf 78' lang='lat' dir='ltr'>symphoniacorum,</span> <span class='ocrx_word' id='word_1_77' title='bbox 1026 770 1092 801; x_wconf 85' lang='lat' dir='ltr'>aut</span> <span class='ocrx_word' id='word_1_78' title='bbox 1122 765 1325 813; x_wconf 81' lang='lat' dir='ltr'>singulare</span> <span class='ocrx_word' id='word_1_79' title='bbox 1366 766 1596 801; x_wconf 88' lang='lat' dir='ltr'>excellentis</span> <span class='ocrx_word' id='word_1_80' title='bbox 1627 776 1696 801; x_wconf 88' lang='lat' dir='ltr'>ar-</span> 
     </span>
    </p>

    <p class='ocr_par' dir='ltr' id='par_1_3' title="bbox 184 821 1697 1368">
     <span class='ocr_line' id='line_1_12' title="bbox 184 821 1695 869; baseline 0.001 -13"><span class='ocrx_word' id='word_1_81' title='bbox 184 821 395 857; x_wconf 76' lang='lat' dir='ltr'>256tiflcis</span> <span class='ocrx_word' id='word_1_82' title='bbox 436 832 616 857; x_wconf 79' lang='lat' dir='ltr'>acroama</span> <span class='ocrx_word' id='word_1_83' title='bbox 661 822 933 869; x_wconf 83' lang='lat' dir='ltr'>exhiberetur,</span> <span class='ocrx_word' id='word_1_84' title='bbox 979 822 1070 867; x_wconf 82' lang='lat' dir='ltr'>quin</span> <span class='ocrx_word' id='word_1_85' title='bbox 1112 822 1150 857; x_wconf 93' lang='lat' dir='ltr'>id</span> <span class='ocrx_word' id='word_1_86' title='bbox 1183 832 1255 856; x_wconf 86' lang='lat' dir='ltr'>sua</span> <span class='ocrx_word' id='word_1_87' title='bbox 1285 822 1618 857; x_wconf 84' lang='lat' dir='ltr'>commendatione</span> <span class='ocrx_word' id='word_1_88' title='bbox 1648 832 1695 857; x_wconf 84' lang='lat' dir='ltr'>ac</span> 
     </span>
     <span class='ocr_line' id='line_1_13' title="bbox 282 877 1695 924; baseline -0.001 -10"><span class='ocrx_word' id='word_1_89' title='bbox 282 878 502 924; x_wconf 84' lang='lat' dir='ltr'>praesentia</span> <span class='ocrx_word' id='word_1_90' title='bbox 541 878 772 915; x_wconf 84' lang='lat' dir='ltr'>celebraret.</span> <span class='ocrx_word' id='word_1_91' title='bbox 841 879 897 913; x_wconf 89' lang='lat' dir='ltr'>De</span> <span class='ocrx_word' id='word_1_92' title='bbox 930 877 1150 913; x_wconf 87' lang='lat' dir='ltr'>venationis</span> <span class='ocrx_word' id='word_1_93' title='bbox 1192 878 1488 923; x_wconf 79' lang='lat' dir='ltr'>consuetudine,</span> <span class='ocrx_word' id='word_1_94' title='bbox 1518 881 1555 912; x_wconf 92' lang='lat' dir='ltr'>et</span> <span class='ocrx_word' id='word_1_95' title='bbox 1586 877 1695 912; x_wconf 87' lang='lat' dir='ltr'>dixi-</span> 
     </span>
     <span class='ocr_line' id='line_1_14' title="bbox 280 931 1695 982; baseline -0.001 -13"><span class='ocrx_word' id='word_1_96' title='bbox 280 945 365 969; x_wconf 88' lang='lat' dir='ltr'>mus</span> <span class='ocrx_word' id='word_1_97' title='bbox 395 937 527 982; x_wconf 81' lang='lat' dir='ltr'>antea,</span> <span class='ocrx_word' id='word_1_98' title='bbox 559 937 596 969; x_wconf 91' lang='lat' dir='ltr'>et</span> <span class='ocrx_word' id='word_1_99' title='bbox 617 937 752 979; x_wconf 83' lang='lat' dir='ltr'>postea</span> <span class='ocrx_word' id='word_1_100' title='bbox 771 933 958 968; x_wconf 75' lang='lat' dir='ltr'>dicemus.</span> <span class='ocrx_word' id='word_1_101' title='bbox 971 931 1010 980; x_wconf 80' lang='lat'>*)</span> <span class='ocrx_word' id='word_1_102' title='bbox 1069 935 1202 978; x_wconf 81' lang='lat' dir='ltr'>Atque</span> <span class='ocrx_word' id='word_1_103' title='bbox 1220 933 1373 968; x_wconf 89' lang='lat' dir='ltr'>illorum</span> <span class='ocrx_word' id='word_1_104' title='bbox 1397 933 1695 969; x_wconf 84' lang='lat' dir='ltr'>oblectationem</span> 
     </span>
     <span class='ocr_line' id='line_1_15' title="bbox 282 989 1696 1034; baseline -0.001 -9"><span class='ocrx_word' id='word_1_105' title='bbox 282 990 494 1025; x_wconf 81' lang='lat' dir='ltr'>studiorum</span> <span class='ocrx_word' id='word_1_106' title='bbox 536 989 611 1025; x_wconf 91' lang='lat' dir='ltr'>sibi</span> <span class='ocrx_word' id='word_1_107' title='bbox 651 993 891 1024; x_wconf 85' lang='lat' dir='ltr'>caeterorum</span> <span class='ocrx_word' id='word_1_108' title='bbox 933 993 1128 1024; x_wconf 86' lang='lat' dir='ltr'>sumtuum</span> <span class='ocrx_word' id='word_1_109' title='bbox 1170 998 1314 1034; x_wconf 83' lang='lat' dir='ltr'>parco,</span> <span class='ocrx_word' id='word_1_110' title='bbox 1356 993 1397 1023; x_wconf 90' lang='lat' dir='ltr'>ut</span> <span class='ocrx_word' id='word_1_111' title='bbox 1427 989 1475 1022; x_wconf 87' lang='lat' dir='ltr'>ad</span> <span class='ocrx_word' id='word_1_112' title='bbox 1506 998 1696 1024; x_wconf 85' lang='lat' dir='ltr'>recrean—</span> 
     </span>
     <span class='ocr_line' id='line_1_16' title="bbox 282 1040 1697 1095; baseline -0.001 -15"><span class='ocrx_word' id='word_1_113' title='bbox 282 1046 370 1080; x_wconf 90' lang='lat' dir='ltr'>dum</span> <span class='ocrx_word' id='word_1_114' title='bbox 400 1046 568 1080; x_wconf 88' lang='lat' dir='ltr'>animum</span> <span class='ocrx_word' id='word_1_115' title='bbox 601 1045 879 1095; x_wconf 77' lang='lat' dir='ltr'>necessariam,</span> <span class='ocrx_word' id='word_1_116' title='bbox 909 1048 948 1079; x_wconf 89' lang='lat' dir='ltr'>et</span> <span class='ocrx_word' id='word_1_117' title='bbox 978 1040 1133 1090; x_wconf 78' lang='lat' dir='ltr'>ipse**)</span> <span class='ocrx_word' id='word_1_118' title='bbox 1165 1043 1364 1088; x_wconf 82' lang='lat' dir='ltr'>sumebat,</span> <span class='ocrx_word' id='word_1_119' title='bbox 1395 1047 1457 1086; x_wconf 85' lang='lat' dir='ltr'>et,</span> <span class='ocrx_word' id='word_1_120' title='bbox 1488 1047 1530 1078; x_wconf 92' lang='lat' dir='ltr'>ut</span> <span class='ocrx_word' id='word_1_121' title='bbox 1554 1044 1697 1079; x_wconf 85' lang='lat' dir='ltr'>iustam</span> 
     </span>
     <span class='ocr_line' id='line_1_17' title="bbox 283 1099 1694 1151; baseline -0.001 -17"><span class='ocrx_word' id='word_1_122' title='bbox 283 1101 554 1151; x_wconf 72' lang='lat' dir='ltr'>debitamque,</span> <span class='ocrx_word' id='word_1_123' title='bbox 597 1101 644 1136; x_wconf 88' lang='lat' dir='ltr'>ab</span> <span class='ocrx_word' id='word_1_124' title='bbox 676 1101 853 1136; x_wconf 85' lang='lat' dir='ltr'>omnibus</span> <span class='ocrx_word' id='word_1_125' title='bbox 884 1099 1046 1135; x_wconf 87' lang='lat' dir='ltr'>concedi</span> <span class='ocrx_word' id='word_1_126' title='bbox 1084 1099 1346 1135; x_wconf 83' lang='lat' dir='ltr'>existimabat.</span> <span class='ocrx_word' id='word_1_127' title='bbox 1407 1101 1502 1135; x_wconf 85' lang='lat' dir='ltr'>Erat</span> <span class='ocrx_word' id='word_1_128' title='bbox 1531 1109 1626 1135; x_wconf 85' lang='lat' dir='ltr'>sane</span> <span class='ocrx_word' id='word_1_129' title='bbox 1656 1100 1694 1134; x_wconf 90' lang='lat' dir='ltr'>in</span> 
     </span>
     <span class='ocr_line' id='line_1_18' title="bbox 283 1155 1695 1202; baseline -0.001 -11"><span class='ocrx_word' id='word_1_130' title='bbox 283 1157 507 1202; x_wconf 87' lang='lat' dir='ltr'>quotidiano</span> <span class='ocrx_word' id='word_1_131' title='bbox 538 1157 658 1201; x_wconf 86' lang='lat' dir='ltr'>victu,</span> <span class='ocrx_word' id='word_1_132' title='bbox 690 1156 850 1201; x_wconf 85' lang='lat' dir='ltr'>vestitu,</span> <span class='ocrx_word' id='word_1_133' title='bbox 878 1160 917 1191; x_wconf 91' lang='lat' dir='ltr'>et</span> <span class='ocrx_word' id='word_1_134' title='bbox 946 1156 1105 1201; x_wconf 86' lang='lat' dir='ltr'>reliquis</span> <span class='ocrx_word' id='word_1_135' title='bbox 1136 1156 1265 1201; x_wconf 89' lang='lat' dir='ltr'>rebus,</span> <span class='ocrx_word' id='word_1_136' title='bbox 1289 1155 1420 1190; x_wconf 85' lang='lat' dir='ltr'>tenuis</span> <span class='ocrx_word' id='word_1_137' title='bbox 1451 1158 1489 1190; x_wconf 90' lang='lat' dir='ltr'>et</span> <span class='ocrx_word' id='word_1_138' title='bbox 1519 1156 1695 1190; x_wconf 79' lang='lat' dir='ltr'>sobrius:</span> 
     </span>
     <span class='ocr_line' id='line_1_19' title="bbox 285 1211 1696 1259; baseline -0.002 -11"><span class='ocrx_word' id='word_1_139' title='bbox 285 1222 356 1248; x_wconf 91' lang='lat' dir='ltr'>nec</span> <span class='ocrx_word' id='word_1_140' title='bbox 387 1212 554 1259; x_wconf 86' lang='lat' dir='ltr'>solutus,</span> <span class='ocrx_word' id='word_1_141' title='bbox 587 1222 658 1247; x_wconf 89' lang='lat' dir='ltr'>nec</span> <span class='ocrx_word' id='word_1_142' title='bbox 689 1223 825 1247; x_wconf 86' lang='lat' dir='ltr'>emax:</span> <span class='ocrx_word' id='word_1_143' title='bbox 856 1212 983 1247; x_wconf 79' lang='lat' dir='ltr'>minus</span> <span class='ocrx_word' id='word_1_144' title='bbox 1015 1212 1142 1257; x_wconf 86' lang='lat' dir='ltr'>etiam,</span> <span class='ocrx_word' id='word_1_145' title='bbox 1173 1221 1284 1256; x_wconf 88' lang='lat' dir='ltr'>quam</span> <span class='ocrx_word' id='word_1_146' title='bbox 1315 1221 1378 1246; x_wconf 87' lang='lat' dir='ltr'>res</span> <span class='ocrx_word' id='word_1_147' title='bbox 1408 1211 1496 1256; x_wconf 84' lang='lat' dir='ltr'>ipsa</span> <span class='ocrx_word' id='word_1_148' title='bbox 1515 1212 1696 1257; x_wconf 85' lang='lat' dir='ltr'>postula-</span> 
     </span>
     <span class='ocr_line' id='line_1_20' title="bbox 285 1267 1697 1315; baseline -0.001 -12"><span class='ocrx_word' id='word_1_149' title='bbox 285 1272 364 1315; x_wconf 79' lang='lat' dir='ltr'>ret,</span> <span class='ocrx_word' id='word_1_150' title='bbox 403 1268 649 1304; x_wconf 82' lang='lat' dir='ltr'>aedificator:</span> <span class='ocrx_word' id='word_1_151' title='bbox 693 1268 833 1303; x_wconf 85' lang='lat' dir='ltr'>rationi</span> <span class='ocrx_word' id='word_1_152' title='bbox 883 1278 929 1302; x_wconf 88' lang='lat' dir='ltr'>ac</span> <span class='ocrx_word' id='word_1_153' title='bbox 974 1278 1147 1303; x_wconf 84' lang='lat' dir='ltr'>summae</span> <span class='ocrx_word' id='word_1_154' title='bbox 1190 1267 1439 1312; x_wconf 83' lang='lat' dir='ltr'>necessitati,</span> <span class='ocrx_word' id='word_1_155' title='bbox 1472 1277 1545 1302; x_wconf 88' lang='lat' dir='ltr'>non</span> <span class='ocrx_word' id='word_1_156' title='bbox 1576 1268 1697 1315; x_wconf 86' lang='lat' dir='ltr'>genio</span> 
     </span>
     <span class='ocr_line' id='line_1_21' title="bbox 284 1323 1086 1368; baseline -0.002 -9"><span class='ocrx_word' id='word_1_157' title='bbox 284 1324 445 1368; x_wconf 81' lang='lat' dir='ltr'>saeculi,</span> <span class='ocrx_word' id='word_1_158' title='bbox 459 1352 462 1357; x_wconf 93' lang='lat'>.</span> <span class='ocrx_word' id='word_1_159' title='bbox 474 1323 665 1359; x_wconf 86' lang='lat' dir='ltr'>serviens.</span> <span class='ocrx_word' id='word_1_160' title='bbox 1083 1326 1086 1327; x_wconf 72' lang='grc'>’</span> 
     </span>
    </p>

    <p class='ocr_par' dir='ltr' id='par_1_4' title="bbox 284 1378 1701 1820">
     <span class='ocr_line' id='line_1_22' title="bbox 395 1378 1695 1427; baseline -0.001 -13"><span class='ocrx_word' id='word_1_161' title='bbox 395 1381 438 1415; x_wconf 88' lang='lat' dir='ltr'>In</span> <span class='ocrx_word' id='word_1_162' title='bbox 460 1380 592 1425; x_wconf 78' lang='lat' dir='ltr'>primis</span> <span class='ocrx_word' id='word_1_163' title='bbox 619 1390 712 1415; x_wconf 91' lang='lat' dir='ltr'>vero</span> <span class='ocrx_word' id='word_1_164' title='bbox 737 1381 860 1415; x_wconf 89' lang='lat' dir='ltr'>bonus</span> <span class='ocrx_word' id='word_1_165' title='bbox 881 1379 980 1414; x_wconf 86' lang='lat' dir='ltr'>civis</span> <span class='ocrx_word' id='word_1_166' title='bbox 1001 1378 1307 1424; x_wconf 84' lang='lat' dir='ltr'>optimarumque</span> <span class='ocrx_word' id='word_1_167' title='bbox 1330 1379 1508 1427; x_wconf 85' lang='lat' dir='ltr'>partium,</span> <span class='ocrx_word' id='word_1_168' title='bbox 1540 1381 1578 1415; x_wconf 87' lang='lat' dir='ltr'>et</span> <span class='ocrx_word' id='word_1_169' title='bbox 1607 1379 1695 1423; x_wconf 84' lang='lat' dir='ltr'>fuit,</span> 
     </span>
     <span class='ocr_line' id='line_1_23' title="bbox 285 1435 1695 1479; baseline -0.001 -8"><span class='ocrx_word' id='word_1_170' title='bbox 285 1440 322 1471; x_wconf 87' lang='lat' dir='ltr'>et</span> <span class='ocrx_word' id='word_1_171' title='bbox 352 1435 508 1471; x_wconf 85' lang='lat' dir='ltr'>habitus</span> <span class='ocrx_word' id='word_1_172' title='bbox 540 1438 610 1472; x_wconf 84' lang='lat' dir='ltr'>est.</span> <span class='ocrx_word' id='word_1_173' title='bbox 681 1436 822 1471; x_wconf 85' lang='lat' dir='ltr'>Neutri</span> <span class='ocrx_word' id='word_1_174' title='bbox 853 1435 1163 1469; x_wconf 87' lang='lat' dir='ltr'>adversariarum</span> <span class='ocrx_word' id='word_1_175' title='bbox 1207 1435 1370 1479; x_wconf 82' lang='lat' dir='ltr'>partium</span> <span class='ocrx_word' id='word_1_176' title='bbox 1415 1445 1550 1470; x_wconf 87' lang='lat' dir='ltr'>nomen</span> <span class='ocrx_word' id='word_1_177' title='bbox 1583 1444 1695 1470; x_wconf 88' lang='lat' dir='ltr'>suum</span> 
     </span>
     <span class='ocr_line' id='line_1_24' title="bbox 284 1491 1698 1537; baseline -0.001 -12"><span class='ocrx_word' id='word_1_178' title='bbox 284 1491 393 1535; x_wconf 87' lang='lat' dir='ltr'>dans,</span> <span class='ocrx_word' id='word_1_179' title='bbox 439 1502 510 1527; x_wconf 89' lang='lat' dir='ltr'>nec</span> <span class='ocrx_word' id='word_1_180' title='bbox 548 1491 586 1526; x_wconf 92' lang='lat' dir='ltr'>in</span> <span class='ocrx_word' id='word_1_181' title='bbox 617 1491 809 1526; x_wconf 87' lang='lat' dir='ltr'>coitiones</span> <span class='ocrx_word' id='word_1_182' title='bbox 839 1501 886 1525; x_wconf 88' lang='lat' dir='ltr'>ac</span> <span class='ocrx_word' id='word_1_183' title='bbox 915 1491 1097 1525; x_wconf 85' lang='lat' dir='ltr'>sodalitia</span> <span class='ocrx_word' id='word_1_184' title='bbox 1127 1501 1170 1525; x_wconf 88' lang='lat' dir='ltr'>se</span> <span class='ocrx_word' id='word_1_185' title='bbox 1201 1499 1452 1537; x_wconf 75' lang='lat' dir='ltr'>aggregans,</span> <span class='ocrx_word' id='word_1_186' title='bbox 1492 1491 1619 1526; x_wconf 88' lang='lat' dir='ltr'>animo</span> <span class='ocrx_word' id='word_1_187' title='bbox 1659 1494 1698 1525; x_wconf 88' lang='lat' dir='ltr'>et</span> 
     </span>
     <span class='ocr_line' id='line_1_25' title="bbox 285 1543 1701 1593; baseline -0.001 -11"><span class='ocrx_word' id='word_1_188' title='bbox 285 1547 458 1583; x_wconf 87' lang='lat' dir='ltr'>oratione</span> <span class='ocrx_word' id='word_1_189' title='bbox 489 1557 556 1582; x_wconf 83' lang='lat' dir='ltr'>eas</span> <span class='ocrx_word' id='word_1_190' title='bbox 586 1547 776 1592; x_wconf 87' lang='lat' dir='ltr'>probavit,</span> <span class='ocrx_word' id='word_1_191' title='bbox 806 1557 902 1591; x_wconf 87' lang='lat' dir='ltr'>quas</span> <span class='ocrx_word' id='word_1_192' title='bbox 933 1556 1051 1592; x_wconf 86' lang='lat' dir='ltr'>supra</span> <span class='ocrx_word' id='word_1_193' title='bbox 1090 1543 1361 1593; x_wconf 71' lang='lat' dir='ltr'>diximus.***)</span> <span class='ocrx_word' id='word_1_194' title='bbox 1400 1547 1488 1582; x_wconf 84' lang='lat' dir='ltr'>Sint</span> <span class='ocrx_word' id='word_1_195' title='bbox 1517 1546 1701 1591; x_wconf 80' lang='lat' dir='ltr'>fortasse,</span> 
     </span>
     <span class='ocr_line' id='line_1_26' title="bbox 285 1602 1697 1652; baseline -0.001 -14"><span class='ocrx_word' id='word_1_196' title='bbox 285 1603 351 1648; x_wconf 90' lang='lat' dir='ltr'>qui</span> <span class='ocrx_word' id='word_1_197' title='bbox 382 1603 538 1638; x_wconf 86' lang='lat' dir='ltr'>Solonis</span> <span class='ocrx_word' id='word_1_198' title='bbox 568 1603 676 1638; x_wconf 90' lang='lat' dir='ltr'>illam</span> <span class='ocrx_word' id='word_1_199' title='bbox 706 1603 835 1649; x_wconf 80' lang='lat' dir='ltr'>legem</span> <span class='ocrx_word' id='word_1_200' title='bbox 865 1603 904 1637; x_wconf 90' lang='lat' dir='ltr'>in</span> <span class='ocrx_word' id='word_1_201' title='bbox 937 1613 1022 1637; x_wconf 93' lang='lat' dir='ltr'>eum</span> <span class='ocrx_word' id='word_1_202' title='bbox 1054 1602 1186 1637; x_wconf 85' lang='lat' dir='ltr'>valere</span> <span class='ocrx_word' id='word_1_203' title='bbox 1216 1605 1363 1647; x_wconf 88' lang='lat' dir='ltr'>putent,</span> <span class='ocrx_word' id='word_1_204' title='bbox 1394 1613 1495 1648; x_wconf 88' lang='lat' dir='ltr'>quae</span> <span class='ocrx_word' id='word_1_205' title='bbox 1516 1603 1697 1652; x_wconf 82' lang='lat' dir='ltr'>bonorum</span> 
     </span>
     <span class='ocr_line' id='line_1_27' title="bbox 286 1657 1698 1703; baseline -0.001 -10"><span class='ocrx_word' id='word_1_206' title='bbox 286 1669 443 1694; x_wconf 89' lang='lat' dir='ltr'>numero</span> <span class='ocrx_word' id='word_1_207' title='bbox 475 1659 616 1694; x_wconf 89' lang='lat' dir='ltr'>civium</span> <span class='ocrx_word' id='word_1_208' title='bbox 648 1659 823 1694; x_wconf 76' lang='lat' dir='ltr'>excludit</span> <span class='ocrx_word' id='word_1_209' title='bbox 863 1667 953 1701; x_wconf 88' lang='lat' dir='ltr'>eos,</span> <span class='ocrx_word' id='word_1_210' title='bbox 986 1658 1048 1703; x_wconf 91' lang='lat' dir='ltr'>qui</span> <span class='ocrx_word' id='word_1_211' title='bbox 1080 1658 1117 1692; x_wconf 90' lang='lat' dir='ltr'>in</span> <span class='ocrx_word' id='word_1_212' title='bbox 1150 1658 1343 1694; x_wconf 86' lang='lat' dir='ltr'>seditione</span> <span class='ocrx_word' id='word_1_213' title='bbox 1374 1658 1499 1694; x_wconf 89' lang='lat' dir='ltr'>neutri</span> <span class='ocrx_word' id='word_1_214' title='bbox 1521 1668 1565 1694; x_wconf 88' lang='lat' dir='ltr'>se</span> <span class='ocrx_word' id='word_1_215' title='bbox 1597 1657 1698 1703; x_wconf 85' lang='lat' dir='ltr'>parti</span> 
     </span>
     <span class='ocr_line' id='line_1_28' title="bbox 287 1712 1697 1762; baseline -0.001 -13"><span class='ocrx_word' id='word_1_216' title='bbox 287 1712 649 1762; x_wconf 75' lang='lat' dir='ltr'>adiunxissent.†)</span> <span class='ocrx_word' id='word_1_217' title='bbox 708 1716 826 1757; x_wconf 87' lang='lat' dir='ltr'>Quam</span> <span class='ocrx_word' id='word_1_218' title='bbox 851 1714 977 1761; x_wconf 80' lang='lat' dir='ltr'>legem</span> <span class='ocrx_word' id='word_1_219' title='bbox 1003 1714 1180 1749; x_wconf 88' lang='lat' dir='ltr'>homines</span> <span class='ocrx_word' id='word_1_220' title='bbox 1211 1715 1274 1749; x_wconf 89' lang='lat' dir='ltr'>vel</span> <span class='ocrx_word' id='word_1_221' title='bbox 1298 1715 1414 1750; x_wconf 88' lang='lat' dir='ltr'>calidi</span> <span class='ocrx_word' id='word_1_222' title='bbox 1446 1713 1697 1760; x_wconf 67' lang='lat' dir='ltr'>vel‘imperiti</span> 
     </span>
     <span class='ocr_line' id='line_1_29' title="bbox 288 1770 1699 1820; baseline 0 -15"><span class='ocrx_word' id='word_1_223' title='bbox 288 1770 407 1817; x_wconf 80' lang='lat' dir='ltr'>vulgo</span> <span class='ocrx_word' id='word_1_224' title='bbox 438 1779 637 1815; x_wconf 86' lang='lat' dir='ltr'>perperam</span> <span class='ocrx_word' id='word_1_225' title='bbox 682 1770 900 1820; x_wconf 68' lang='lat' dir='ltr'>accipiunt,</span> <span class='ocrx_word' id='word_1_226' title='bbox 940 1780 1054 1814; x_wconf 91' lang='lat' dir='ltr'>quum</span> <span class='ocrx_word' id='word_1_227' title='bbox 1098 1770 1245 1804; x_wconf 88' lang='lat' dir='ltr'>medios</span> <span class='ocrx_word' id='word_1_228' title='bbox 1283 1781 1330 1805; x_wconf 90' lang='lat' dir='ltr'>ac</span> <span class='ocrx_word' id='word_1_229' title='bbox 1374 1770 1484 1816; x_wconf 85' lang='lat' dir='ltr'>pacis</span> <span class='ocrx_word' id='word_1_230' title='bbox 1531 1779 1699 1805; x_wconf 85' lang='lat' dir='ltr'>concor-</span> 
     </span>
    </p>
   </div>
   <div class='ocr_carea' id='block_1_3' title="bbox 287 1945 1536 2119">
    <p class='ocr_par' dir='ltr' id='par_1_5' title="bbox 287 1945 1536 2119">
     <span class='ocr_line' id='line_1_30' title="bbox 287 1945 1536 1987; baseline 0.002 -13"><span class='ocrx_word' id='word_1_231' title='bbox 287 1945 315 1984; x_wconf 88' lang='lat'>·)</span> <span class='ocrx_word' id='word_1_232' title='bbox 341 1946 418 1977; x_wconf 88' lang='lat' dir='ltr'>vid.</span> <span class='ocrx_word' id='word_1_233' title='bbox 447 1947 540 1977; x_wconf 78' lang='lat' dir='ltr'>infra</span> <span class='ocrx_word' id='word_1_234' title='bbox 564 1954 643 1986; x_wconf 85' lang='lat' dir='ltr'>pag.</span> <span class='ocrx_word' id='word_1_235' title='bbox 670 1946 726 1976; x_wconf 89' lang='lat' dir='ltr'>ed.</span> <span class='ocrx_word' id='word_1_236' title='bbox 753 1954 805 1985; x_wconf 87' lang='lat' dir='ltr'>pr.</span> <span class='ocrx_word' id='word_1_237' title='bbox 829 1946 911 1977; x_wconf 82' lang='lat'>271.</span> <span class='ocrx_word' id='word_1_238' title='bbox 936 1955 1009 1987; x_wconf 80' lang='lat' dir='ltr'>sqq.</span> <span class='ocrx_word' id='word_1_239' title='bbox 1059 1946 1113 1977; x_wconf 83' lang='lat' dir='ltr'>Cf.</span> <span class='ocrx_word' id='word_1_240' title='bbox 1140 1954 1217 1985; x_wconf 81' lang='lat' dir='ltr'>pag.</span> <span class='ocrx_word' id='word_1_241' title='bbox 1244 1946 1301 1976; x_wconf 81' lang='lat'>44.</span> <span class='ocrx_word' id='word_1_242' title='bbox 1327 1949 1360 1975; x_wconf 85' lang='lat' dir='ltr'>et</span> <span class='ocrx_word' id='word_1_243' title='bbox 1386 1945 1441 1976; x_wconf 86' lang='lat'>30.</span> <span class='ocrx_word' id='word_1_244' title='bbox 1465 1946 1536 1977; x_wconf 61' lang='lat' dir='ltr'>FB.</span> 
     </span>
     <span class='ocr_line' id='line_1_31' title="bbox 288 2010 970 2052; baseline 0.004 -10"><span class='ocrx_word' id='word_1_245' title='bbox 288 2012 330 2048; x_wconf 70' lang='lat'>⁸⁶)</span> <span class='ocrx_word' id='word_1_246' title='bbox 357 2010 543 2052; x_wconf 78' lang='lat' dir='ltr'>Bergman.</span> <span class='ocrx_word' id='word_1_247' title='bbox 568 2011 647 2052; x_wconf 76' lang='lat' dir='ltr'>ipse</span> <span class='ocrx_word' id='word_1_248' title='bbox 672 2013 804 2043; x_wconf 85' lang='lat' dir='ltr'>omisso</span> <span class='ocrx_word' id='word_1_249' title='bbox 829 2013 874 2043; x_wconf 80' lang='lat' dir='ltr'>et.</span> <span class='ocrx_word' id='word_1_250' title='bbox 902 2013 970 2045; x_wconf 80' lang='lat' dir='ltr'>FB.</span> 
     </span>
     <span class='ocr_line' id='line_1_32' title="bbox 288 2077 1078 2119; baseline 0 -12"><span class='ocrx_word' id='word_1_251' title='bbox 288 2077 348 2114; x_wconf 72' lang='lat'>⁰⁶)</span> <span class='ocrx_word' id='word_1_252' title='bbox 373 2077 454 2108; x_wconf 80' lang='lat' dir='ltr'>vid.</span> <span class='ocrx_word' id='word_1_253' title='bbox 479 2087 560 2119; x_wconf 80' lang='lat' dir='ltr'>pag.</span> <span class='ocrx_word' id='word_1_254' title='bbox 585 2079 638 2110; x_wconf 87' lang='lat' dir='ltr'>ed.</span> <span class='ocrx_word' id='word_1_255' title='bbox 665 2086 718 2117; x_wconf 88' lang='lat' dir='ltr'>pr.</span> <span class='ocrx_word' id='word_1_256' title='bbox 742 2078 820 2108; x_wconf 84' lang='grc'><strong>213.</strong></span> <span class='ocrx_word' id='word_1_257' title='bbox 847 2082 882 2109; x_wconf 83' lang='lat' dir='ltr'>et</span> <span class='ocrx_word' id='word_1_258' title='bbox 908 2078 983 2110; x_wconf 76' lang='lat'>182.</span> <span class='ocrx_word' id='word_1_259' title='bbox 1009 2080 1078 2110; x_wconf 86' lang='lat' dir='ltr'>FR.</span> 
     </span>
    </p>
   </div>
   <div class='ocr_carea' id='block_1_4' title="bbox 288 2141 1702 2768">
    <p class='ocr_par' dir='ltr' id='par_1_6' title="bbox 288 2141 1702 2768">
     <span class='ocr_line' id='line_1_33' title="bbox 288 2141 1702 2185; baseline 0.004 -12"><span class='ocrx_word' id='word_1_260' title='bbox 288 2141 335 2184; x_wconf 78' lang='lat'>†)</span> <span class='ocrx_word' id='word_1_261' title='bbox 365 2144 580 2183; x_wconf 73' lang='lat' dir='ltr'>videantur,</span> <span class='ocrx_word' id='word_1_262' title='bbox 613 2152 700 2185; x_wconf 86' lang='lat' dir='ltr'>quos</span> <span class='ocrx_word' id='word_1_263' title='bbox 732 2145 951 2176; x_wconf 84' lang='lat' dir='ltr'>laudavimus</span> <span class='ocrx_word' id='word_1_264' title='bbox 984 2147 1026 2176; x_wconf 89' lang='lat' dir='ltr'>ad</span> <span class='ocrx_word' id='word_1_265' title='bbox 1053 2145 1231 2176; x_wconf 83' lang='lat' dir='ltr'>Plutarchi</span> <span class='ocrx_word' id='word_1_266' title='bbox 1257 2147 1408 2177; x_wconf 85' lang='lat' dir='ltr'>libellum</span> <span class='ocrx_word' id='word_1_267' title='bbox 1435 2147 1488 2177; x_wconf 91' lang='lat' dir='ltr'>De</span> <span class='ocrx_word' id='word_1_268' title='bbox 1513 2149 1602 2177; x_wconf 67' lang='lat' dir='ltr'>sera</span> <span class='ocrx_word' id='word_1_269' title='bbox 1626 2148 1702 2178; x_wconf 83' lang='lat' dir='ltr'>Nu-</span> 
     </span>
     <span class='ocr_line' id='line_1_34' title="bbox 336 2189 1699 2230; baseline 0.002 -12"><span class='ocrx_word' id='word_1_270' title='bbox 336 2189 435 2220; x_wconf 85' lang='lat' dir='ltr'>minis</span> <span class='ocrx_word' id='word_1_271' title='bbox 460 2190 624 2221; x_wconf 70' lang='lat' dir='ltr'>Vindicta</span> <span class='ocrx_word' id='word_1_272' title='bbox 649 2199 680 2228; x_wconf 93' lang='lat' dir='ltr'>p.</span> <span class='ocrx_word' id='word_1_273' title='bbox 706 2189 760 2219; x_wconf 77' lang='lat'>26.</span> <span class='ocrx_word' id='word_1_274' title='bbox 789 2190 914 2228; x_wconf 84' lang='lat' dir='ltr'>quibus</span> <span class='ocrx_word' id='word_1_275' title='bbox 939 2190 1112 2221; x_wconf 85' lang='lat' dir='ltr'>addantur</span> <span class='ocrx_word' id='word_1_276' title='bbox 1138 2191 1162 2220; x_wconf 91' lang='grc' dir='ltr'>Ι.</span> <span class='ocrx_word' id='word_1_277' title='bbox 1179 2192 1354 2222; x_wconf 66' lang='lat' dir='ltr'>Meus-sius</span> <span class='ocrx_word' id='word_1_278' title='bbox 1379 2193 1412 2221; x_wconf 93' lang='lat' dir='ltr'>in</span> <span class='ocrx_word' id='word_1_279' title='bbox 1429 2191 1562 2222; x_wconf 88' lang='lat' dir='ltr'>Solone</span> <span class='ocrx_word' id='word_1_280' title='bbox 1588 2201 1619 2230; x_wconf 93' lang='lat' dir='ltr'>p.</span> <span class='ocrx_word' id='word_1_281' title='bbox 1642 2193 1699 2222; x_wconf 79' lang='lat'>52.</span> 
     </span>
     <span class='ocr_line' id='line_1_35' title="bbox 333 2234 1694 2275; baseline 0.003 -13"><span class='ocrx_word' id='word_1_282' title='bbox 333 2237 367 2263; x_wconf 86' lang='lat' dir='ltr'>et</span> <span class='ocrx_word' id='word_1_283' title='bbox 392 2241 480 2273; x_wconf 86' lang='lat' dir='ltr'>seq.,</span> <span class='ocrx_word' id='word_1_284' title='bbox 518 2234 544 2264; x_wconf 91' lang='grc'>1.</span> <span class='ocrx_word' id='word_1_285' title='bbox 579 2234 761 2273; x_wconf 73' lang='lat' dir='ltr'>Taylorus</span> <span class='ocrx_word' id='word_1_286' title='bbox 796 2234 890 2265; x_wconf 76' lang='lat' dir='ltr'>beet.</span> <span class='ocrx_word' id='word_1_287' title='bbox 917 2236 1058 2274; x_wconf 79' lang='lat' dir='ltr'>Lysiac.</span> <span class='ocrx_word' id='word_1_288' title='bbox 1083 2234 1167 2274; x_wconf 78' lang='lat' dir='ltr'>cap.</span> <span class='ocrx_word' id='word_1_289' title='bbox 1200 2235 1262 2266; x_wconf 90' lang='lat' dir='ltr'>Xl.</span> <span class='ocrx_word' id='word_1_290' title='bbox 1289 2245 1321 2274; x_wconf 87' lang='lat' dir='ltr'>p.</span> <span class='ocrx_word' id='word_1_291' title='bbox 1345 2235 1420 2265; x_wconf 79' lang='grc'><strong>718.</strong></span> <span class='ocrx_word' id='word_1_292' title='bbox 1471 2236 1547 2275; x_wconf 85' lang='lat' dir='ltr'>lpse</span> <span class='ocrx_word' id='word_1_293' title='bbox 1572 2236 1694 2270; x_wconf 89' lang='lat' dir='ltr'>Solon.</span> 
     </span>
     <span class='ocr_line' id='line_1_36' title="bbox 335 2278 1699 2320; baseline 0.004 -14"><span class='ocrx_word' id='word_1_294' title='bbox 335 2279 368 2307; x_wconf 90' lang='lat' dir='ltr'>in</span> <span class='ocrx_word' id='word_1_295' title='bbox 393 2278 661 2310; x_wconf 82' lang='lat' dir='ltr'>Atheniensium</span> <span class='ocrx_word' id='word_1_296' title='bbox 696 2279 889 2318; x_wconf 85' lang='lat' dir='ltr'>seditione,</span> <span class='ocrx_word' id='word_1_297' title='bbox 921 2280 986 2310; x_wconf 82' lang='lat' dir='ltr'>fuit</span> <span class='ocrx_word' id='word_1_298' title='bbox 1022 2283 1220 2310; x_wconf 79' lang='lat' dir='ltr'>neutrarum</span> <span class='ocrx_word' id='word_1_299' title='bbox 1261 2281 1435 2320; x_wconf 71' lang='lat' dir='ltr'>partium,</span> <span class='ocrx_word' id='word_1_300' title='bbox 1469 2282 1520 2310; x_wconf 88' lang='lat' dir='ltr'>ita</span> <span class='ocrx_word' id='word_1_301' title='bbox 1552 2283 1589 2311; x_wconf 85' lang='lat' dir='ltr'>ut</span> <span class='ocrx_word' id='word_1_302' title='bbox 1630 2289 1699 2311; x_wconf 89' lang='lat' dir='ltr'>non</span> 
     </span>
     <span class='ocr_line' id='line_1_37' title="bbox 335 2323 1701 2364; baseline 0.003 -13"><span class='ocrx_word' id='word_1_303' title='bbox 335 2323 436 2352; x_wconf 82' lang='lat' dir='ltr'>unius</span> <span class='ocrx_word' id='word_1_304' title='bbox 469 2326 580 2361; x_wconf 85' lang='lat' dir='ltr'>partis</span> <span class='ocrx_word' id='word_1_305' title='bbox 612 2325 782 2355; x_wconf 83' lang='lat' dir='ltr'>adversus</span> <span class='ocrx_word' id='word_1_306' title='bbox 814 2324 946 2354; x_wconf 86' lang='lat' dir='ltr'>alteras</span> <span class='ocrx_word' id='word_1_307' title='bbox 977 2329 1076 2356; x_wconf 79' lang='lat' dir='ltr'>esset</span> <span class='ocrx_word' id='word_1_308' title='bbox 1113 2329 1367 2364; x_wconf 82' lang='lat' dir='ltr'>propugnator,</span> <span class='ocrx_word' id='word_1_309' title='bbox 1399 2326 1461 2355; x_wconf 85' lang='lat' dir='ltr'>sed</span> <span class='ocrx_word' id='word_1_310' title='bbox 1499 2325 1632 2355; x_wconf 85' lang='lat' dir='ltr'>medius</span> <span class='ocrx_word' id='word_1_311' title='bbox 1665 2328 1701 2355; x_wconf 86' lang='lat' dir='ltr'>et</span> 
     </span>
     <span class='ocr_line' id='line_1_38' title="bbox 337 2368 1701 2407; baseline 0.004 -12"><span class='ocrx_word' id='word_1_312' title='bbox 337 2368 490 2397; x_wconf 88' lang='lat' dir='ltr'>omnium</span> <span class='ocrx_word' id='word_1_313' title='bbox 514 2370 665 2407; x_wconf 87' lang='lat' dir='ltr'>partium</span> <span class='ocrx_word' id='word_1_314' title='bbox 691 2369 957 2400; x_wconf 85' lang='lat' dir='ltr'>reconciliator:</span> <span class='ocrx_word' id='word_1_315' title='bbox 985 2374 1020 2400; x_wconf 89' lang='lat' dir='ltr'>ut</span> <span class='ocrx_word' id='word_1_316' title='bbox 1044 2371 1131 2400; x_wconf 86' lang='lat' dir='ltr'>satis</span> <span class='ocrx_word' id='word_1_317' title='bbox 1155 2373 1294 2400; x_wconf 82' lang='lat' dir='ltr'>constat</span> <span class='ocrx_word' id='word_1_318' title='bbox 1313 2369 1531 2400; x_wconf 86' lang='lat' dir='ltr'>ePlutarcho</span> <span class='ocrx_word' id='word_1_319' title='bbox 1556 2370 1591 2399; x_wconf 89' lang='lat' dir='ltr'>in</span> <span class='ocrx_word' id='word_1_320' title='bbox 1615 2370 1701 2400; x_wconf 69' lang='lat' dir='ltr'>Vita</span> 
     </span>
     <span class='ocr_line' id='line_1_39' title="bbox 337 2411 1700 2454; baseline 0.003 -14"><span class='ocrx_word' id='word_1_321' title='bbox 337 2411 478 2441; x_wconf 69' lang='lat' dir='ltr'>Solonis</span> <span class='ocrx_word' id='word_1_322' title='bbox 511 2422 543 2451; x_wconf 91' lang='lat' dir='ltr'>p.</span> <span class='ocrx_word' id='word_1_323' title='bbox 575 2413 630 2445; x_wconf 81' lang='lat'>85.</span> <span class='ocrx_word' id='word_1_324' title='bbox 663 2417 701 2444; x_wconf 88' lang='lat' dir='ltr'>et</span> <span class='ocrx_word' id='word_1_325' title='bbox 724 2421 819 2452; x_wconf 73' lang='lat' dir='ltr'>seq:</span> <span class='ocrx_word' id='word_1_326' title='bbox 858 2418 894 2444; x_wconf 87' lang='lat' dir='ltr'>et</span> <span class='ocrx_word' id='word_1_327' title='bbox 926 2418 1141 2445; x_wconf 85' lang='lat' dir='ltr'>memoratur</span> <span class='ocrx_word' id='word_1_328' title='bbox 1166 2416 1249 2444; x_wconf 90' lang='lat' dir='ltr'>item</span> <span class='ocrx_word' id='word_1_329' title='bbox 1275 2423 1297 2445; x_wconf 85' lang='lat' dir='ltr'>a</span> <span class='ocrx_word' id='word_1_330' title='bbox 1320 2414 1481 2454; x_wconf 81' lang='lat' dir='ltr'>Diogene</span> <span class='ocrx_word' id='word_1_331' title='bbox 1506 2413 1648 2445; x_wconf 68' lang='lat' dir='ltr'>Laertio</span> <span class='ocrx_word' id='word_1_332' title='bbox 1672 2414 1700 2451; x_wconf 80' lang='grc' dir='ltr'>Ι,</span> 
     </span>
     <span class='ocr_line' id='line_1_40' title="bbox 337 2456 1700 2510; baseline 0.003 -25"><span class='ocrx_word' id='word_1_333' title='bbox 337 2456 406 2493; x_wconf 62' lang='lat'>58„</span> <span class='ocrx_word' id='word_1_334' title='bbox 435 2461 472 2487; x_wconf 86' lang='lat' dir='ltr'>ut</span> <span class='ocrx_word' id='word_1_335' title='bbox 497 2457 656 2490; x_wconf 81' lang='lat' dir='ltr'>videtur.</span> <span class='ocrx_word' id='word_1_336' title='bbox 689 2466 733 2488; x_wconf 88' lang='lat' dir='ltr'>ex</span> <span class='ocrx_word' id='word_1_337' title='bbox 766 2458 1006 2510; x_wconf 84' lang='lat' dir='ltr'>Apollodoro.</span> <span class='ocrx_word' id='word_1_338' title='bbox 1039 2457 1125 2489; x_wconf 78' lang='grc' dir='ltr'><strong><em>ἀλλὰ</em></strong></span> <span class='ocrx_word' id='word_1_339' title='bbox 1157 2458 1213 2489; x_wconf 79' lang='grc' dir='ltr'>καὶ</span> <span class='ocrx_word' id='word_1_340' title='bbox 1242 2458 1300 2500; x_wconf 83' lang='grc' dir='ltr'>τῆς</span> <span class='ocrx_word' id='word_1_341' title='bbox 1329 2457 1478 2494; x_wconf 82' lang='grc' dir='ltr'><em>στάσεως</em></span> <span class='ocrx_word' id='word_1_342' title='bbox 1508 2459 1700 2498; x_wconf 81' lang='grc' dir='ltr'><em>γενομένης,</em></span> 
     </span>
     <span class='ocr_line' id='line_1_41' title="bbox 338 2499 1700 2541; baseline 0.003 -12"><span class='ocrx_word' id='word_1_343' title='bbox 338 2511 377 2529; x_wconf 78' lang='grc' dir='ltr'>οι</span> <span class='ocrx_word' id='word_1_344' title='bbox 382 2511 416 2530; x_wconf 82' lang='grc' dir='ltr'>τε</span> <span class='ocrx_word' id='word_1_345' title='bbox 439 2499 525 2537; x_wconf 78' lang='grc' dir='ltr'><em>μετὰ</em></span> <span class='ocrx_word' id='word_1_346' title='bbox 549 2503 615 2532; x_wconf 81' lang='grc' dir='ltr'>τῶν</span> <span class='ocrx_word' id='word_1_347' title='bbox 639 2501 673 2538; x_wconf 80' lang='grc' dir='ltr'>ἐξ</span> <span class='ocrx_word' id='word_1_348' title='bbox 697 2501 828 2541; x_wconf 77' lang='grc' dir='ltr'><em>ἄστεος,</em></span> <span class='ocrx_word' id='word_1_349' title='bbox 854 2500 934 2534; x_wconf 72' lang='grc' dir='ltr'>οἰτε</span> <span class='ocrx_word' id='word_1_350' title='bbox 954 2501 1042 2540; x_wconf 83' lang='grc' dir='ltr'><em>μετὰ</em></span> <span class='ocrx_word' id='word_1_351' title='bbox 1064 2514 1129 2534; x_wconf 71' lang='grc' dir='ltr'>τωι</span> <span class='ocrx_word' id='word_1_352' title='bbox 1154 2502 1305 2535; x_wconf 74' lang='grc' dir='ltr'>πεδιέων.</span> <span class='ocrx_word' id='word_1_353' title='bbox 1325 2502 1392 2534; x_wconf 79' lang='grc' dir='ltr'>ἀλλ’</span> <span class='ocrx_word' id='word_1_354' title='bbox 1421 2502 1498 2534; x_wconf 75' lang='grc' dir='ltr'>οὐδὲ</span> <span class='ocrx_word' id='word_1_355' title='bbox 1521 2501 1609 2540; x_wconf 83' lang='grc' dir='ltr'><em>μετὰ</em></span> <span class='ocrx_word' id='word_1_356' title='bbox 1633 2504 1700 2534; x_wconf 77' lang='grc' dir='ltr'>τῶν</span> 
     </span>
     <span class='ocr_line' id='line_1_42' title="bbox 338 2544 1698 2587; baseline 0.004 -14"><span class='ocrx_word' id='word_1_357' title='bbox 338 2544 513 2587; x_wconf 78' lang='grc' dir='ltr'><strong><em>παραλίων</em></strong></span> <span class='ocrx_word' id='word_1_358' title='bbox 536 2544 684 2587; x_wconf 63' lang='grc' dir='ltr'><em>ἐτάχθη</em></span> <span class='ocrx_word' id='word_1_359' title='bbox 731 2548 795 2584; x_wconf 81' lang='lat' dir='ltr'>Qui</span> <span class='ocrx_word' id='word_1_360' title='bbox 821 2548 917 2579; x_wconf 83' lang='lat' dir='ltr'>locus</span> <span class='ocrx_word' id='word_1_361' title='bbox 943 2549 1205 2580; x_wconf 81' lang='lat' dir='ltr'>Aldobrandino</span> <span class='ocrx_word' id='word_1_362' title='bbox 1231 2553 1266 2578; x_wconf 87' lang='lat' dir='ltr'>et</span> <span class='ocrx_word' id='word_1_363' title='bbox 1289 2549 1454 2587; x_wconf 83' lang='lat' dir='ltr'>Menagio</span> <span class='ocrx_word' id='word_1_364' title='bbox 1472 2556 1542 2579; x_wconf 90' lang='lat' dir='ltr'>non</span> <span class='ocrx_word' id='word_1_365' title='bbox 1567 2549 1615 2579; x_wconf 84' lang='lat' dir='ltr'>ita</span> <span class='ocrx_word' id='word_1_366' title='bbox 1633 2550 1698 2579; x_wconf 90' lang='lat' dir='ltr'>mi-</span> 
     </span>
     <span class='ocr_line' id='line_1_43' title="bbox 340 2591 1699 2632; baseline 0.003 -13"><span class='ocrx_word' id='word_1_367' title='bbox 340 2597 398 2619; x_wconf 88' lang='lat' dir='ltr'>rus</span> <span class='ocrx_word' id='word_1_368' title='bbox 430 2593 465 2620; x_wconf 85' lang='lat' dir='ltr'>et</span> <span class='ocrx_word' id='word_1_369' title='bbox 499 2591 764 2630; x_wconf 81' lang='lat' dir='ltr'>inexspectatus</span> <span class='ocrx_word' id='word_1_370' title='bbox 797 2592 946 2624; x_wconf 63' lang='lat' dir='ltr'>debeb-nt</span> <span class='ocrx_word' id='word_1_371' title='bbox 988 2593 1162 2624; x_wconf 87' lang='lat' dir='ltr'>accidere.</span> <span class='ocrx_word' id='word_1_372' title='bbox 1219 2593 1394 2623; x_wconf 83' lang='lat' dir='ltr'>Plutarchi</span> <span class='ocrx_word' id='word_1_373' title='bbox 1436 2593 1630 2632; x_wconf 84' lang='lat' dir='ltr'>disputatio</span> <span class='ocrx_word' id='word_1_374' title='bbox 1663 2595 1699 2623; x_wconf 84' lang='lat' dir='ltr'>in</span> 
     </span>
     <span class='ocr_line' id='line_1_44' title="bbox 337 2633 1699 2676; baseline 0.004 -14"><span class='ocrx_word' id='word_1_375' title='bbox 337 2633 519 2672; x_wconf 68' lang='lat' dir='ltr'>Praecept-</span> <span class='ocrx_word' id='word_1_376' title='bbox 553 2636 653 2667; x_wconf 87' lang='lat' dir='ltr'>Polit.</span> <span class='ocrx_word' id='word_1_377' title='bbox 695 2646 727 2676; x_wconf 90' lang='lat' dir='ltr'>p.</span> <span class='ocrx_word' id='word_1_378' title='bbox 752 2637 832 2668; x_wconf 77' lang='lat'>824.</span> <span class='ocrx_word' id='word_1_379' title='bbox 867 2639 912 2667; x_wconf 91' lang='lat' dir='ltr'>A.</span> <span class='ocrx_word' id='word_1_380' title='bbox 939 2640 1163 2668; x_wconf 84' lang='lat' dir='ltr'>verissimam</span> <span class='ocrx_word' id='word_1_381' title='bbox 1199 2639 1356 2668; x_wconf 75' lang='lat' dir='ltr'>continet</span> <span class='ocrx_word' id='word_1_382' title='bbox 1395 2638 1484 2676; x_wconf 71' lang='lat' dir='ltr'>legis</span> <span class='ocrx_word' id='word_1_383' title='bbox 1516 2645 1699 2668; x_wconf 82' lang='lat' dir='ltr'>caussam:</span> 
     </span>
     <span class='ocr_line' id='line_1_45' title="bbox 337 2679 1700 2726; baseline 0.004 -19"><span class='ocrx_word' id='word_1_384' title='bbox 337 2681 441 2716; x_wconf 77' lang='lat' dir='ltr'>atque</span> <span class='ocrx_word' id='word_1_385' title='bbox 458 2686 502 2707; x_wconf 81' lang='lat' dir='ltr'>ex</span> <span class='ocrx_word' id='word_1_386' title='bbox 522 2680 596 2717; x_wconf 81' lang='lat' dir='ltr'>ipsa</span> <span class='ocrx_word' id='word_1_387' title='bbox 621 2682 759 2712; x_wconf 84' lang='lat' dir='ltr'>ratione</span> <span class='ocrx_word' id='word_1_388' title='bbox 777 2683 1014 2721; x_wconf 80' lang='lat' dir='ltr'>grammatica,</span> <span class='ocrx_word' id='word_1_389' title='bbox 1039 2686 1076 2713; x_wconf 77' lang='lat' dir='ltr'>et</span> <span class='ocrx_word' id='word_1_390' title='bbox 1089 2685 1265 2722; x_wconf 79' lang='lat' dir='ltr'>potestate</span> <span class='ocrx_word' id='word_1_391' title='bbox 1279 2683 1473 2720; x_wconf 82' lang='lat' dir='ltr'>particulae</span> <span class='ocrx_word' id='word_1_392' title='bbox 1498 2679 1575 2726; x_wconf 79' lang='grc' dir='ltr'><em>γὰρ,</em></span> <span class='ocrx_word' id='word_1_393' title='bbox 1600 2689 1700 2722; x_wconf 86' lang='lat' dir='ltr'>quam</span> 
     </span>
     <span class='ocr_line' id='line_1_46' title="bbox 338 2721 1644 2768; baseline 0.005 -17"><span class='ocrx_word' id='word_1_394' title='bbox 338 2721 419 2752; x_wconf 83' lang='lat' dir='ltr'>alibi</span> <span class='ocrx_word' id='word_1_395' title='bbox 443 2723 704 2763; x_wconf 75' lang='lat' dir='ltr'>explicabimus,</span> <span class='ocrx_word' id='word_1_396' title='bbox 728 2727 993 2764; x_wconf 86' lang='lat' dir='ltr'>interpretandi</span> <span class='ocrx_word' id='word_1_397' title='bbox 1018 2735 1088 2759; x_wconf 88' lang='lat' dir='ltr'>non</span> <span class='ocrx_word' id='word_1_398' title='bbox 1114 2727 1405 2768; x_wconf 82' lang='lat' dir='ltr'>reprehendendi,</span> <span class='ocrx_word' id='word_1_399' title='bbox 1431 2730 1498 2758; x_wconf 89' lang='lat' dir='ltr'>vim</span> <span class='ocrx_word' id='word_1_400' title='bbox 1531 2727 1644 2758; x_wconf 84' lang='lat' dir='ltr'>habet.</span> 
     </span>
    </p>
   </div>
  </div>
 </body>
</html>
