1816 3233
852 177 1152 217 -123—

296 300 430 337 parum
454 291 743 337 relinquebatur
774 289 857 326 otii.
918 291 1062 326 Tamen
1094 291 1258 326 reditum
1290 293 1335 327 ad
1360 294 1511 330 Literas
1542 292 1576 330 ei
1597 296 1708 330 attu-

294 347 351 392 lit,
384 348 538 383 brevem
571 345 739 392 quidem,
769 346 836 382 sed
867 349 995 381 tamen
1024 346 1206 393 reditum,
1237 358 1375 385 munus
1395 350 1708 396 inexspectatum

296 403 412 438 Fred.
451 403 556 449 Aug.
595 400 751 447 Woltii⁷
795 401 951 438 Homeri
981 401 1186 438 editionem
1219 404 1255 438 ei
1294 404 1446 448 publice
1476 406 1706 441 dedicantis.

296 460 409 494 Hunc
440 456 563 492 virum
594 467 616 493 e
645 457 804 503 scriptis
834 457 934 503 eius,
966 460 1101 503 postea
1131 458 1382 504 epistolarum
1404 461 1533 496 officio
1564 461 1708 508 cogni-

298 519 396 556 tum,
428 522 546 548 unum
580 513 619 548 in
651 513 786 559 primis
817 516 1036 549 exterorum
1068 517 1276 549 accuratae
1315 515 1532 551 Litcrarum
1571 517 1706 552 scien-

297 569 376 604 tiae
414 578 556 609 caussa
594 569 726 617 magni
756 569 946 604 faciebat:
987 569 1150 614 eiusque
1181 571 1461 617 prolegomena
1492 572 1706 616 Homerica,

297 630 374 660 tum
407 634 546 660 recens
576 626 714 672 allata,
755 625 949 673 singulari
980 635 1066 660 cum
1097 626 1296 672 voluptate
1325 626 1445 674 legit,
1488 626 1606 662 etiam
1637 629 1703 664 ubi

296 681 343 715 ab
375 690 420 715 eo
459 681 707 717 dissentiret:
747 682 858 716 velut
895 681 935 716 in
977 691 1023 716 ea
1061 681 1348 726 disputatione,
1392 692 1492 728 quae
1527 692 1707 730 magnam

296 735 385 772 libri
414 739 560 782 partem
593 737 874 783 complectitur,
906 747 981 781 qua
1012 737 1218 773 ostendere
1237 741 1413 786 conatur,
1441 739 1598 774 Homeri
1619 748 1708 774 car-

297 792 414 840 mina,
447 803 520 828 non
552 793 599 828 ab
629 802 719 837 uno,
750 793 819 827 sed
848 793 1025 838 pluribus
1046 793 1189 839 Poetis,
1221 794 1342 829 variis
1372 795 1566 830 aetatibus
1597 804 1706 830 com-

297 847 437 893 posita,
468 858 542 884 non
562 848 638 884 nisi
661 848 941 894 rhapsodorum
962 848 1142 899 memoria
1161 852 1355 895 cantuque
1372 852 1541 896 servata,
1571 850 1707 898 ignoto

297 903 425 939 adhuc
463 904 563 949 apud
596 905 769 941 Graecos
810 904 1005 940 scribendi
1046 915 1143 953 usu,
1184 905 1512 942 Pisistratidarum
1556 907 1709 942 demum

295 964 426 995 aetate
455 960 601 1005 scripto
631 960 814 995 mandata
844 970 945 996 esse.
1007 961 1117 995 Hanc
1147 960 1223 996 sibi
1254 961 1474 1006 opinionem
1506 972 1582 997 non
1612 972 1708 1007 pro-

299 1016 379 1051 bari
411 1016 541 1051 aiebat
578 1016 862 1052 Ruhnkenius:
908 1019 948 1051 at
977 1016 1230 1051 vehementer
1267 1017 1423 1061 probari
1462 1017 1708 1064 designatam

295 1072 461 1118 egregie
492 1071 593 1106 viam
625 1071 834 1106 carminum
865 1071 1153 1106 Homericorum
1196 1071 1244 1105 ad
1274 1071 1450 1107 criticam
1491 1072 1710 1118 scripturae

296 1127 565 1163 auctoritatem
596 1126 937 1162 restituendorum.
995 1128 1047 1162 Et
1076 1126 1151 1162 hac
1180 1126 1349 1162 lectione
1386 1127 1631 1164 excitabatur
1661 1128 1708 1164 ad

297 1183 542 1229 colligenda,
587 1192 686 1228 quae
717 1183 765 1218 de
805 1182 938 1218 eodem
970 1185 1201 1229 argumento
1231 1183 1271 1218 in
1302 1183 1541 1220 adversariis
1572 1194 1709 1228 sparsa

296 1238 483 1276 habebat:
517 1238 602 1285 sed,
632 1238 984 1274 intervenientibus
1015 1248 1104 1273 mox
1135 1238 1224 1274 aliis
1256 1239 1440 1287 negotiis,
1469 1239 1709 1286 aproposito

295 1294 459 1330 destitit.
1726 1340 1730 1343 st

409 1351 567 1385 Interea
605 1360 685 1385 rem
725 1349 953 1386 familiarem
998 1348 1231 1396 affligebant
1274 1360 1360 1385 cum
1407 1349 1509 1385 aliae
1542 1348 1710 1385 bellicae

200 1408 283 1445 215
298 1405 560 1451 calamitates,
599 1409 677 1441 tum
708 1416 886 1440 annonae
916 1405 1083 1440 caritas:
1117 1405 1335 1440 difficultas
1365 1406 1604 1455 augebatur,
1635 1405 1711 1441 de-

296 1465 499 1497 crescente
530 1471 616 1497 cum
648 1461 926 1506 discipulorum
963 1471 1122 1496 numero
1161 1462 1278 1496 simul
1310 1461 1460 1506 privato
1501 1461 1709 1508 vectigali:

295 1518 514 1563 iisdemque
544 1517 796 1553 incommodis
834 1517 1006 1563 proximo
1038 1527 1139 1553 anno
1169 1516 1339 1564 (1796.)
1380 1516 1648 1563 manentibus,
1687 1526 1710 1551 a

296 1574 551 1610 curatoribus
582 1574 707 1609 additi
736 1573 879 1609 salario
910 1573 1075 1608 trecenti
1106 1573 1241 1609 floreni
1271 1572 1398 1620 magis
1424 1572 1711 1631 benivolentiae

295 1629 640 1677 significationem,
672 1639 786 1675 quam
817 1628 1039 1664 detrimenti
1071 1628 1437 1674 compensationem,
1469 1628 1711 1663 adferebant.

295 1686 522 1721 Accedebat
561 1685 639 1720 alia
678 1684 870 1721 molestia.
939 1685 1104 1720 Dolebat
1152 1685 1236 1720 suis
1282 1685 1507 1720 doctoribus
1553 1684 1709 1719 orbatas

295 1741 526 1785 cathedras,
565 1741 670 1777 Iuris
702 1740 874 1785 Publici,
907 1742 1144 1776 Graecarum
1176 1740 1418 1788 Literarum,
1450 1740 1641 1785 Physices
1672 1742 1712 1774 et

294 1793 649 1842 Mathematum:*)
681 1796 742 1831 his
773 1796 958 1831 ornandis
978 1797 1230 1831 Professores
1249 1806 1449 1842 quaerere,
1479 1795 1556 1840 ipsi
1583 1806 1607 1830 a
1625 1795 1709 1832 Cu-

295 1853 490 1888 ratoribus
519 1852 753 1897 mandatum,
783 1851 869 1886 eius
901 1854 939 1886 et
966 1850 1135 1886 animum
1167 1861 1273 1897 cura,
1304 1853 1344 1886 et
1374 1861 1526 1886 manum
1556 1851 1710 1897 episto-

295 1909 421 1944 larum
453 1907 611 1955 officio,
650 1907 865 1954 fatigabat:
909 1906 1060 1941 interea
1090 1907 1235 1941 frustra
1265 1909 1514 1951 quaerentem
1546 1907 1708 1942 aliorum

297 1964 512 1999 auctoritas
543 1962 754 2007 intercipit.
812 1963 855 1997 ln
888 1962 1022 2006 primis
1053 1962 1100 1996 de
1137 1963 1288 1997 Graeca
1317 1961 1565 2007 professione
1594 1962 1710 1997 labo-

298 2020 429 2055 rabat:
482 2018 668 2067 primum,
716 2017 920 2053 retinendo
961 2017 1026 2062 qui
1066 2027 1150 2052 eam
1191 2017 1443 2063 deposuerat3
1495 2019 1598 2064 tum,
1642 2017 1711 2052 illa

298 2086 368 2120 spe
400 2076 636 2120 frustratus,
672 2073 849 2109 vocando
882 2082 979 2108 novo
1020 2073 1198 2108 doctore:
1240 2073 1493 2119 nequicquam
1525 2073 1710 2118 deinceps

297 2131 428 2166 oblata
464 2130 572 2175 mihi,
602 2129 847 2177 Spaldingio,
878 2128 1043 2164 Wolfio:
1075 2128 1179 2163 unde
1214 2132 1253 2164 et
1292 2139 1367 2177 ego
1402 2129 1440 2164 in
1468 2128 1554 2164 eius
1578 2130 1709 2170 offen-

296 2187 447 2222 sionem
484 2186 626 2233 ineidi,
672 2188 717 2221 ut
746 2185 831 2231 qui,
876 2184 1107 2230 accipienda
1145 2185 1396 2233 conditione,
1438 2184 1556 2220 facile
1594 2184 1708 2221 istam

296 2394 325 2432 'J
350 2396 450 2425 Hanc
491 2393 650 2434 quidem,
695 2393 863 2425 defuncto
897 2396 954 2434 qui
989 2402 1066 2424 eain
1103 2395 1317 2431 ornaverat,
1354 2391 1620 2430 Nieuwlandio,
1667 2392 1710 2422 de

341 2447 408 2480 quo
434 2447 541 2479 supra
565 2439 716 2469 dictum:
752 2439 870 2478 illam,
900 2447 1047 2470 munere
1077 2443 1171 2469 moto
1196 2439 1370 2475 Pestelio,
1406 2439 1506 2468 cuius
1532 2438 1566 2467 iu
1591 2437 1709 2467 locum

341 2492 423 2515 mox
456 2483 579 2515 eodem
613 2492 702 2514 auno
740 2482 839 2515 1795.
865 2486 1042 2515 successit
1075 2484 1226 2514 loannes
1252 2483 1553 2522 Valckenaeritis,
1590 2483 1709 2521 magni

346 2529 442 2559 illius
466 2529 721 2560 Valckeuaerii
753 2528 858 2558 filius.
907 2529 1067 2560 Graecae
1093 2529 1254 2568 Linguae
1287 2531 1322 2558 et
1355 2528 1537 2558 Historiae
1573 2528 1708 2565 patriae

345 2574 545 2614 Professor,
570 2574 618 2604 lo.
645 2573 774 2612 Luzac,
799 2574 901 2603 liuius
929 2573 1110 2604 docendae
1133 2574 1309 2611 potestate
1333 2573 1476 2601 ineunte
1501 2570 1708 2601 ann01‘796.

345 2618 529 2657 spoliatus,
556 2619 652 2648 illam
670 2626 807 2657 quoque
834 2618 931 2648 brevi
956 2622 1035 2657 post
1061 2618 1153 2647 ultro
1175 2617 1337 2655 deposuit
1361 2617 1599 2654 provinciam:
1627 2624 1710 2654 pro-

344 2665 440 2694 ximo
464 2670 557 2693 anno
583 2663 625 2693 de
650 2670 693 2693 eo
718 2663 942 2694 restituendo
965 2666 1095 2693 aetum.
1143 2661 1240 2699 Quod
1267 2660 1434 2700 deinceps
1459 2661 1591 2692 factum
1616 2667 1709 2690 anno

346 2707 448 2739 1802.
497 2707 777 2746 wyttenbachio
811 2707 889 2747 quid
916 2714 1046 2738 causae
1078 2707 1186 2737 fuerit
1209 2706 1350 2736 oblatae
1382 2706 1569 2737 cathedrae
1600 2712 1709 2743 repu-

345 2751 506 2791 diandae,
531 2752 664 2792 legitur
687 2754 724 2782 in
750 2753 826 2781 eius
850 2753 934 2783 Vita
959 2761 990 2791 p.
1019 2751 1096 2784 155.
1122 2759 1173 2790 sq.
1200 2750 1366 2781 BERGM.
