1833 3237
846 215 897 219 --
987 193 1183 230 42*

306 307 544 354 praefectus»,
575 303 708 349 ecquis
733 313 913 350 umquam
938 304 1025 351 fuit,
1055 304 1219 349 excepto
1250 304 1389 341 Isaaeo
1415 304 1714 354 Casaubono,*)

306 365 419 400 Luca
448 355 738 406 Holstenio,**)
768 362 807 395 et
836 361 922 405 ipso
952 362 1089 406 postea
1119 359 1482 407 Lugdunobatavae
1513 363 1713 407 praesecto

305 414 568 455 Ruhnkenio?
597 416 676 451 Sed
706 414 853 458 horum,
885 415 987 460 quod
1007 415 1138 461 seiam,
1170 425 1281 450 nemo
1302 414 1401 464 eius,
1432 418 1495 453 cui
1520 421 1713 465 praeerat,

305 474 565 511 bibliothecae
596 472 825 518 catalogum
855 471 987 506 edidit.
1046 472 1302 507 Casaubonus
1333 471 1381 506 ad
1410 473 1528 508 breve
1558 476 1712 519 tempus

303 528 476 574 praefuit
513 526 648 574 regiae
687 527 924 564 parisiensi:
966 529 1005 562 et
1042 527 1279 573 aediculam,
1326 527 1367 562 in
1398 537 1472 573 qua
1501 529 1536 563 is
1567 528 1713 565 Literis

305 582 458 628 operari
497 583 668 630 solebat,
707 583 873 618 subinde
904 583 1137 618 Ruhnkenio
1174 585 1439 619 monstrarunt
1470 583 1715 620 parisienses

306 639 473 685 quidam,
505 638 570 684 qui
593 638 709 684 pauci
737 641 909 674 veterem
927 641 1173 674 venustatem
1204 639 1429 683 retinerent,
1459 648 1583 684 eoque
1612 649 1715 675 ven-

306 695 467 730 tritarent
506 695 618 740 quasi
658 694 869 730 salutatum
908 704 1042 728 manes
1079 694 1211 730 herois
1249 694 1297 730 de
1337 695 1479 740 optimo
1519 695 1714 731 hominum

304 759 454 797 genere
483 751 625 795 optime
654 749 797 786 meriti.

417 806 577 842 Annum
594 805 777 842 Lutetiae
808 803 1003 851 transegit
1020 803 1307 840 Ruhnkenius:
1338 806 1377 840 et
1401 804 1633 841 incredibile
1654 808 1715 841 est

306 861 434 909 dictu,
465 864 558 906 quot
588 863 665 896 tam
694 860 804 896 brevi
835 860 962 905 spatio
994 860 1248 906 descripserit
1276 860 1445 896 ineditos
1477 862 1716 897 Grammati-

307 927 389 964 eoS,
421 917 678 963 scholiastas,
710 916 920 952 Rhetores:
959 918 1050 961 quot
1079 915 1172 951 item
1207 916 1415 951 contulerit
1445 916 1570 952 editos
1601 916 1717 953 Seri-

236 971 288 1007 68
306 976 436 1017 ptores
466 983 553 1008 cum
583 972 784 1007 codicibus
814 971 984 1017 scriptis,
1014 973 1238 1013 Homerum,
1271 972 1496 1020 Hesiodum,
1528 972 1717 1008 Callima-

304 1029 434 1076 chum,
464 1028 717 1073 Apollonium
743 1028 953 1073 Rhodium,
984 1028 1192 1073 Orpheum,
1224 1028 1438 1075 Platonem,
1467 1029 1714 1074 Xenophon-

303 1086 392 1129 tem,
422 1083 684 1129 Athenaeum,
715 1083 1005 1129 Philostratum,
1037 1083 1332 1128 Alciphronem,
1364 1084 1461 1118 alios
1493 1093 1590 1128 quos
1613 1094 1716 1119 enu-

301 1148 451 1175 merare
482 1139 639 1186 longum
670 1139 734 1174 sit.
792 1139 961 1181 Quorum
993 1139 1160 1173 omnium
1192 1140 1377 1183 excerpta
1407 1141 1446 1174 et
1474 1140 1716 1187 apographa,

303 1206 353 1231 ex
383 1195 514 1230 multis
544 1195 612 1230 illa
641 1195 731 1230 aliis
757 1196 939 1239 Europae
969 1194 1217 1229 bibliothecis
1249 1198 1368 1229 aucta
1397 1197 1435 1229 et
1464 1195 1714 1241 locupletata,

301 1251 461 1298 insigne
487 1253 589 1297 sunt,
612 1253 651 1285 et
677 1250 839 1285 unicum
861 1251 962 1285 inter
986 1250 1178 1295 privatos,
1201 1250 1573 1286 Ruhnkenianorum
1590 1251 1716 1286 libro-

300 1317 385 1342 rum
416 1309 682 1342 ornamentum
713 1308 751 1341 et
780 1301 1181 1352 instrumentum.***]
1240 1306 1381 1351 Neque
1412 1316 1503 1342 vero
1535 1307 1610 1342 sibi
1641 1306 1715 1342 soli

301 1362 485 1399 Lutetiae
524 1363 644 1411 vixit,
685 1362 753 1397 sed
791 1362 929 1397 amicis
959 1362 1120 1397 Batavis
1158 1362 1279 1397 multa
1317 1362 1356 1397 in
1389 1363 1462 1397 hoc
1499 1363 1715 1398 studiorum

301 1427 448 1465 genere
477 1419 605 1454 officia
636 1418 842 1465 praestitit,
874 1418 1186 1463 Hemsterhusio,
1219 1418 1503 1465 VVesselingio,
1533 1418 1713 1454 Valcke-

299 1474 430 1520 nario,
469 1474 670 1521 Albertio,
708 1474 909 1510 Piersono.
968 1475 1099 1518 Atque
1130 1476 1279 1509 tantum
1307 1474 1480 1509 laborem
1511 1474 1716 1510 exantlare

300 1540 376 1566 non
407 1530 615 1577 potuisset,
646 1530 723 1565 nisi
752 1530 943 1566 valuisset
965 1540 1027 1581 ea,
1057 1539 1170 1574 quam
1200 1539 1318 1575 supra
1348 1529 1532 1576 diximus,
1562 1529 1715 1577 ingenii
1746 1548 1750 1550 -

300 1586 498 1631 animique
528 1586 741 1630 facilitate,
774 1586 895 1621 studii
925 1586 1145 1621 constantia
1175 1589 1212 1620 et
1243 1586 1435 1631 efficacia,
1466 1596 1565 1631 quae
1595 1595 1714 1632 prae-

300 1642 433 1676 sertim
466 1642 657 1678 Herculeo
688 1642 854 1687 quodam
884 1641 1058 1686 eorporis
1088 1641 1226 1676 robore
1258 1642 1461 1688 niteretur,
1493 1641 1593 1687 quod
1624 1641 1716 1677 item

300 1696 341 1733 in
371 1699 451 1740 toto
491 1697 577 1733 eius
608 1698 745 1733 habitu
776 1700 814 1732 et
843 1700 948 1733 motu
982 1699 1208 1742 appareret3
1246 1699 1290 1732 ut
1329 1697 1488 1732 venusti
1523 1697 1714 1743 homines,

302 1753 402 1798 quod
442 1753 538 1787 mihi
577 1753 722 1799 viginti
753 1753 868 1787 annis
901 1756 1036 1798 postea
1075 1753 1208 1787 eadem
1248 1753 1296 1786 de
1328 1763 1472 1788 caussa
1508 1752 1547 1787 in
1580 1753 1715 1788 cadem

302 1809 398 1843 urbe
445 1808 606 1855 degenti
646 1808 893 1843 parisienses
938 1808 1094 1853 quidam
1141 1810 1297 1842 veteres
1344 1808 1452 1843 illius
1498 1809 1714 1843 familiares

301 1867 519 1909 narrarunt,
549 1863 714 1899 subinde
745 1873 830 1898 eum
853 1863 1059 1898 Herculem
1083 1863 1322 1909 Musageten
1341 1867 1539 1900 vocarent.
1586 1864 1715 1908 Equi-

301 1919 387 1954 dem
433 1919 752 1965 quotiescumque
804 1919 851 1954 de
899 1918 1122 1954 Ruhnkeuii
1162 1919 1375 1954 Parisiensi
1419 1930 1519 1955 anno
1568 1919 1716 1966 cogito,

301 1976 418 2011 toties
461 1976 553 2011 mihi
584 1975 765 2011 Herculis
806 1975 962 2019 speeies
993 1977 1081 2008 ante
1121 1974 1256 2009 oculos
1288 1975 1519 2010 obversatur
1559 1975 1715 2010 labores

301 2032 392 2067 illos
423 2031 674 2067 exantlantis.
733 2030 871 2075 Neque
902 2030 1072 2065 animum
1103 2026 1282 2075 capiebat
1304 2032 1466 2066 satietas
1491 2030 1714 2066 taediumve

299 2087 464 2127 laboris:
501 2097 627 2133 neque
663 2086 833 2122 laborem
875 2086 1176 2133 intermittebat,
1210 2085 1288 2122 nisi
1318 2095 1480 2133 corpore
1514 2087 1570 2123 ita
1599 2086 1716 2122 dera-

301 2228 328 2269 ’)
353 2229 530 2268 siquidem
556 2229 599 2260 ad
625 2230 734 2261 breve
760 2227 990 2269 tempusfuit
1013 2229 1066 2259 vel
1094 2228 1314 2267 praefectus,
1339 2230 1395 2259 vel
1422 2232 1561 2270 custos,
1585 2229 1714 2261 biblio-

347 2274 470 2304 thecae
495 2275 631 2314 regiae.
679 2274 759 2306 Vid.
787 2277 862 2304 eius
888 2275 1002 2312 Epist.
1030 2274 1111 2304 256.
1136 2273 1179 2304 ad
1204 2274 1273 2303 Ios.
1299 2275 1534 2312 scaligerum.

301 2335 343 2379 ”)
367 2337 450 2368 vid.
476 2340 513 2369 Β.
539 2340 581 2370 G.
608 2342 741 2370 Struvii
766 2340 986 2371 Introductio
1013 2341 1048 2370 in
1064 2340 1239 2375 ,Notitiam
1264 2341 1332 2371 Rei
1353 2341 1552 2371 Literariae
1577 2349 1608 2379 p.
1633 2339 1712 2372 282.

343 2383 526 2414 Mediceae
551 2384 687 2423 quidem
714 2385 952 2415 bibliothecae
976 2385 1117 2416 codices
1142 2386 1176 2414 in
1201 2385 1401 2424 catalogum
1429 2385 1584 2424 redegit,
1610 2393 1712 2423 quem

345 2435 390 2458 ex
414 2429 522 2458 Mstis
546 2429 741 2461 Holstenii.
776 2430 893 2459 medio
917 2430 994 2460 fere
1019 2430 1086 2459 hoc
1110 2430 1274 2463 saeculo,
1308 2430 1416 2460 edidit
1441 2429 1713 2459 Lilienthalius:

345 2476 387 2502 ut
419 2472 568 2503 Colerus
605 2475 741 2504 notavit
780 2473 824 2504 ad
856 2476 991 2505 sti-avii
1032 2474 1158 2505 librum
1188 2482 1222 2512 p.
1255 2473 1334 2504 291.
1370 2474 1537 2504 editionis
1569 2473 1595 2504 l.
1628 2473 1712 2505 Chr.

345 2516 507 2549 Fiselieri
531 2519 625 2556 Lips.
651 2517 751 2550 1754.

300 2580 352 2622 ⁸⁰)
378 2583 474 2613 Haec
507 2585 623 2616 oxnnia
656 2586 692 2615 in
721 2585 1001 2625 ¹Lugdunensem
1045 2584 1290 2615 bibliothecam
1322 2584 1493 2623 publicam
1530 2584 1630 2615 illata
1663 2585 1710 2614 ibi

345 2636 424 2659 cum
450 2630 581 2659 ceteris
605 2631 710 2662 rebus
736 2632 878 2668 optimis
908 2630 1092 2661 recondita
1115 2629 1230 2659 lucem
1255 2632 1471 2668 exspectant.
1519 2630 1601 2660 Scio
1629 2632 1713 2659 ante

346 2672 615 2711 quadriennium
649 2677 700 2712 [a.
726 2675 848 2711 1818]
886 2676 921 2705 in
954 2674 1113 2705 ordinem
1143 2674 1306 2704 redactas
1338 2681 1418 2704 esse
1450 2675 1538 2704 istas
1562 2673 1711 2704 schedas

346 2716 622 2748 Ruhnkeniauas
649 2720 768 2759 MSS.;
799 2720 859 2750 sed
887 2719 966 2759 quid
992 2717 1173 2757 impediat,
1203 2725 1270 2757 quo
1297 2719 1412 2750 minus
1437 2726 1525 2758 quae
1553 2718 1711 2749 editione

347 2761 454 2801 digna
478 2762 561 2803 sint,
587 2763 751 2805 edantur,
777 2766 908 2795 nescio.
957 2761 1241 2795 LINDEMANN.
