1816 3233
651 175 955 215 -119—

210 286 349 324 Effecit
380 296 531 333 quoque
563 291 603 323 ut
633 289 847 324 communis
881 291 1012 325 noster
1038 289 1252 337 discipulus
1284 295 1322 328 et
1353 292 1513 341 amicus,
1526 294 1604 331 199

100 345 292 379 Henricus
324 345 447 391 Hana,
492 345 703 389 Gymnasio
734 345 1005 380 Amist'urtano
1046 348 1190 383 Rector
1222 350 1512 396 praeficeretur,

97 400 297 434 affirmans
315 397 583 450 Curatoribus,
613 410 680 435 eos
711 410 786 435 non
817 400 941 435 solum
972 401 1021 435 de
1042 412 1126 447 sua,
1157 404 1225 438 sed
1257 405 1305 440 de
1323 405 1513 454 niteram,

101 453 259 489 civitate
288 455 386 490 bene
416 455 622 491 merituros
647 455 745 500 ipsis
768 455 836 490 tali
861 456 1018 491 doctore
1038 460 1264 495 asserendo.
1325 460 1513 497 Eumdem

98 510 214 554 paulo
233 513 349 545 antea
367 511 603 553 cohortatus,
624 513 665 546 ut
688 521 710 544 a
733 511 950 556 Theologia
983 512 1030 546 ad
1052 514 1284 559 Litterarum,
1314 516 1353 551 in
1376 516 1514 561 quibus

100 565 342 601 excellenter
371 567 611 611 versabatur,
642 567 812 602 studium
843 577 886 602 se
930 569 1050 602 totum
1081 574 1339 617 converteret,
1379 572 1435 606 ita
1464 573 1513 607 ad

98 630 159 656 me
189 621 370 666 scripsit:
402 621 578 667 „Quibus
610 621 824 657 rationibus
849 625 1107 667 praestantem
1127 625 1319 672 iuvenem,
1351 629 1512 671 flauam,

99 676 170 717 „ad
202 677 357 712 Literas
399 679 550 712 nostras
592 678 795 713 traducere
834 677 906 712 sim
939 682 1113 723 conatus,
1154 690 1201 714 ex
1232 680 1317 726 ipso
1348 683 1514 719 arbitror

99 734 165 782 „te
204 733 463 779 cognovisse:
503 753 557 758 -—
597 744 618 767 a
657 743 717 768 me
759 733 914 768 habebit
958 734 1223 779 Phryniehum
1253 738 1457 785 Arabium,
1475 735 1512 785 *J

100 790 170 832 „ut
199 797 245 822 eo
283 788 432 824 edendo
473 788 776 824 familiaritatem
818 799 905 824 cnm
936 790 1202 835 scriptoribus
1234 791 1383 828 Atticis
1414 804 1513 829 con-

100 843 269 888 „trahat‚
300 847 339 878 et
370 844 513 879 nomini
535 854 610 879 suo
629 844 998 880 commendationem
1021 848 1220 890 quaerat.“
1279 850 1391 884 Hunc
1420 848 1511 884 item

97 900 189 933 ante
219 898 290 932 hos
309 902 389 933 tres
410 908 545 942 annos,
576 899 615 933 in
638 899 890 943 adipiscendo
913 900 1116 944 Gymnasii
1135 903 1513 940 Amstelodamensis

96 953 325 997 Rectoratu‚
356 954 595 1001 gravissima
625 954 833 989 testimonii
865 955 927 989 sui
965 956 1196 991 auctoritate
1225 958 1386 995 adiuvit.
1449 961 1512 995 Ab

98 1008 214 1044 huius
257 1008 381 1055 igitur
421 1010 494 1044 viri
539 1009 715 1045 doctrina
755 1013 795 1044 et
833 1009 1023 1045 industria
1065 1021 1204 1046 novum
1245 1016 1283 1048 et
1324 1014 1513 1049 ineditum

94 1063 223 1099 adhuc
252 1065 470 1100 Literarum
501 1074 653 1107 munus,
683 1065 946 1109 Phryniohum
978 1066 1178 1112 Arabium,
1218 1073 1513 1113 exspectamus:

99 1118 163 1154 cui
194 1119 355 1166 edendo,
386 1121 426 1156 in
457 1123 533 1156 tam
564 1123 752 1166 occupata
782 1121 872 1166 vita,
904 1125 944 1156 ut
984 1121 1101 1156 otium
1142 1123 1320 1171 obtingat
1360 1124 1513 1160 doctis-

98 1175 196 1209 simo
227 1175 376 1220 editori,
407 1179 594 1221 optamus.

211 1230 287 1266 Sed
329 1228 602 1275 Ruhnkenius‚
643 1241 757 1276 quum
799 1242 870 1267 suo
901 1233 1021 1268 semel
1054 1234 1162 1278 operi
1194 1245 1345 1270 manum
1377 1236 1514 1271 admo—

99 1284 235 1330 visset,
275 1286 375 1321 hanc
412 1286 535 1322 veluti
574 1287 753 1321 incudem
794 1283 915 1321 tanta'
950 1288 1154 1324 alacritate
1206 1293 1244 1324 et
1281 1289 1515 1326 assiduitate

98 1341 255 1386 tutudit,
286 1344 328 1376 ut
355 1342 528 1387 proximo
549 1351 649 1377 anno
677 1340 849 1388 (1789.)
880 1343 1022 1387 triplex
1042 1343 1156 1380 simul
1188 1345 1272 1380 eius
1304 1349 1515 1390 proventus

99 1396 238 1441 exiret,
278 1398 474 1444 Timaeus,
525 1398 708 1444 Elogium
755 1398 1055 1443 Hemsterhusii‚
1094 1399 1238 1435 Mureti
1276 1402 1420 1446 Opera:
1468 1402 1515 1436 de

99 1451 239 1496 quibus
267 1455 444 1489 omnibus
474 1464 589 1499 quum
609 1453 826 1488 dixerimus
846 1454 1114 1490 Bibliothecae
1134 1456 1306 1492 Criticae
1327 1457 1415 1493 Vol.
1445 1460 1515 1493 llI.

101 1507 217 1544 Parte
246 1510 308 1554 11.,
348 1509 396 1544 de
435 1509 593 1545 duorum
634 1512 761 1544 autem
804 1510 971 1554 priorum
1010 1511 1133 1555 prima
1171 1512 1340 1547 editione
1381 1514 1514 1558 prodi-

100 1562 272 1599 derimus
302 1565 340 1599 in
374 1569 578 1608 praesente
608 1564 682 1600 hoc
712 1565 823 1610 libro,
856 1575 900 1600 eo
932 1566 1111 1601 breviore
1144 1578 1244 1602 nunc
1276 1579 1511 1604 commemo-
1528 1567 1608 1602 200

101 1619 254 1655 ratione
284 1620 449 1666 defungi
477 1629 696 1665 possumus.

214 1675 411 1720 Timaeus,
430 1671 488 1721 **)
520 1686 567 1710 ex
598 1685 672 1720 quo
687 1677 858 1720 tempore
888 1686 974 1711 eum
994 1680 1204 1712 retractare
1226 1680 1353 1724 coepit
1371 1680 1513 1714 Ruhn—

101 1731 256 1778 kenius⁷
296 1732 483 1776 epistolas
525 1734 655 1766 mutuo
705 1734 856 1766 nostras
898 1734 935 1766 et
975 1733 1314 1769 confabulationes
1354 1735 1513 1770 multum

102 1787 380 1832 frequentavit.
441 1788 538 1822 Eum
568 1787 621 1821 ita
649 1786 914 1832 locupletavit,
946 1790 988 1821 ut
1019 1792 1131 1822 vetus
1154 1789 1273 1824 editio
1305 1790 1364 1824 sui
1397 1790 1515 1825 dimi-

101 1842 165 1878 dio
204 1853 227 1877 a
268 1851 366 1876 nova
396 1844 622 1886 superetur‚'
656 1850 728 1875 nec
766 1845 890 1877 tamen
931 1842 1137 1887 quidquam
1175 1844 1306 1889 alieni,
1345 1845 1398 1880 nil
1439 1847 1515 1881 nisi

101 1908 188 1933 cum
225 1908 268 1933 re
312 1901 520 1942 praesente
559 1897 819 1941 coniunctum,
869 1897 921 1931 nil
961 1898 1036 1933 nisi
1075 1909 1228 1945 novum,
1268 1900 1517 1945 exquisitum,

103 1953 356 1997 reconditum,
393 1952 616 1988 accesserit.
672 1953 807 1996 Itaque
847 1955 883 1986 et
914 1952 999 1997 ipse
1038 1953 1104 1988 illo
1145 1958 1316 1999 tempore
1347 1957 1516 1991 verissi-

105 2092 135 2129 ')
160 2093 254 2124 {dem
279 2097 334 2124 est
358 2096 522 2133 scriptor,
547 2101 648 2134 quem
674 2102 785 2132 nuper
802 2092 1002 2125 Lobeckius
1028 2096 1069 2126 V.
1098 2095 1150 2127 Cl.
1178 2098 1311 2137 ingenti
1336 2104 1515 2128 commen-

149 2140 252 2173 tario,
277 2136 403 2170 iustam
430 2139 557 2170 Graeci
589 2140 761 2170 sermonis
786 2139 966 2169 historiam
1001 2142 1273 2182 complectente,
1306 2143 1514 2172 instructum

149 2183 269 2213 edidit.
317 2185 602 2214 LINDEMANN.
639 2200 671 2206 -
713 2184 758 2213 At
782 2184 838 2212 hic
872 2192 940 2214 non
975 2186 1133 2223 Eclogae
1158 2186 1348 2224 Phrynichi
1380 2186 1516 2216 intelli-

148 2230 298 2265 guntur,
321 2229 382 2258 sed
407 2237 539 2259 novum
565 2230 599 2259 et
623 2228 796 2259 ineditum
822 2227 945 2258 adhuc·
970 2228 1184 2260 litterarum
1219 2237 1368 2271 vinnm,
1405 2234 1442 2259 ut
1466 2232 1516 2261 ait

148 2272 376 2311 Bergmanus‚
397 2273 628 2312 significatur,
652 2272 817 2301 videlicet
840 2272 995 2302 eiusdem
1023 2272 1515 2316 ΙΙροπαρασκευὴΣοφιστικὴ,

148 2315 365 2356 Apparatus
385 2318 624 2357 Sopllisttcus,
650 2325 668 2346 e
694 2316 776 2347 Cod.
795 2317 941 2355 Seguer.
968 2318 1002 2346 in
1030 2317 1140 2347 lucem
1160 2319 1335 2356 publicam
1355 2318 1514 2357 prolatus

146 2361 191 2391 ab
228 2361 323 2391 lmm.
358 2362 522 2392 Bekkero
555 2361 689 2391 Anecd.
725 2360 788 2389 Gr.
822 2360 846 2389 1.
883 2368 958 2397 pag.
984 2362 1121 2391 3-74.
1170 2363 1298 2401 „Hunc
1323 2371 1368 2393 ex
1391 2363 1513 2393 eodem

148 2405 248 2436 fonte
278 2407 313 2435 in
347 2415 432 2436 suos
469 2406 535 2436 sibi
569 2407 722 2444 privatos
757 2412 838 2433 usus
865 2404 1011 2435 Parisiis
1043 2405 1258 2445 descriptum
1282 2407 1514 2437 Rulinkenius

150 2452 226 2488 ipse
258 2451 341 2481 olim
376 2451 483 2481 edere
520 2449 779 2480 destinaverat:
824 2454 946 2486 postea
983 2450 1180 2488 depositum
1218 2459 1306 2490 opus
1345 2451 1514 2481 edendum

151 2495 293 2526 tradidit
319 2496 451 2533 Hanae,
477 2496 576 2525 cuius
602 2494 711 2531 obitu,
734 2501 826 2524 anno
852 2494 954 2523 liuius
978 2496 1091 2525 seculi
1118 2496 1189 2534 Vl„
1214 2497 1327 2526 omnis
1353 2496 1517 2527 editionis

148 2539 191 2569 ab
216 2540 292 2578 ipso
317 2540 543 2570 adornandae
566 2546 648 2577 spes
673 2536 851 2569 evannit.“
899 2539 970 2569 FR.

105 2603 148 2640 '‘)
174 2605 211 2639 In
231 2606 418 2636 Relatione
443 2603 485 2635 de
514 2605 581 2635 hoc
597 2605 702 2643 libro,
728 2604 888 2635 Bibliotli.
911 2603 998 2635 Crit.
1024 2606 1103 2635 Vol.
1129 2605 1187 2636 ΙΙΙ.
1206 2605 1299 2637 Part.
1320 2605 1361 2635 11.
1382 2615 1412 2644 p.
1440 2605 1513 2635 lti-

152 2655 336 2686 operarnm
363 2651 449 2680 vitio
482 2649 642 2680 relictum
668 2650 724 2678 est
747 2649 867 2688 primo
900 2657 962 2686 pro
987 2650 1128 2689 prium,
1162 2651 1197 2680 in
1222 2650 1300 2681 loco
1327 2650 1518 2688 Propertii.

152 2692 202 2722 Ne
235 2693 430 2732 semidocti,
464 2696 522 2734 qui
557 2696 745 2731 caeterum,
779 2693 857 2732 quid
893 2693 981 2723 bene
1014 2701 1165 2724 secusve
1196 2695 1326 2725 dictum
1360 2696 1416 2731 sit,
1450 2700 1521 2723 non

151 2737 368 2777 intelligunt,
394 2738 673 2777 reprehendendi
697 2739 877 2768 materiam
905 2740 1057 2777 captent.
