1816 3233
842 232 1147 272 —130—

298 360 403 399 rum,
433 355 473 387 et
502 347 742 393 memoriam,
786 351 824 382 et
851 357 940 394 eas,
981 357 1080 393 quae
1108 347 1156 382 ad
1185 344 1461 384 inveniendum
1501 345 1713 395 pertinent,

302 408 443 444 mentis
473 405 706 451 facultates,
746 403 872 451 magis
906 414 986 439 usu
1025 413 1138 449 quam
1172 405 1256 438 arte
1294 403 1543 440 excoluerat:
1582 406 1640 449 et,
1682 405 1714 438 si

302 464 393 509 quid
424 461 655 496 adolescens
694 460 879 506 temporis
921 459 1059 495 tribuit
1097 459 1418 504 Philosophorum
1456 459 1716 495 Mathemati—

303 526 512 562 corumque
542 516 702 561 scholis,
732 526 782 551 ex
806 516 869 551 his
901 526 975 551 non
1007 516 1114 562 ipsas
1140 526 1204 551 res
1234 525 1280 550 ac
1300 518 1519 561 praecepta,
1550 516 1616 550 sed
1648 515 1715 550 in-

302 574 546 621 telligentiae
587 572 787 618 quemdam
828 572 1001 607 habitum
1039 573 1086 607 ad
1135 572 1200 607 via
1239 582 1287 606 ac
1324 572 1477 607 ratione
1515 571 1714 606 disseren-

302 630 415 676 dum,
455 629 625 664 retinuit.
684 629 855 673 Cumque
896 629 1038 663 multae
1085 629 1164 664 sint
1209 627 1449 663 inventrices
1493 627 1716 673 facultates,

302 695 448 731 eaeque
479 684 629 720 duobus
658 684 873 731 generibus
904 684 1119 731 discretae,
1153 684 1275 719 altero
1304 684 1486 731 rationis,
1517 682 1619 728 quae
1648 682 1716 718 iu-

300 742 404 777 dicio
435 751 482 776 ac
511 740 728 776 subtilitate
760 740 900 784 nitens,
934 740 1055 775 veluti
1087 740 1250 775 calculis
1280 739 1563 784 computandis,
1595 738 1718 783 pede-

301 798 435 833 tentim
466 796 732 843 progreditur,
759 796 878 831 altero
911 792 1129 844 inqeniiff)
1160 796 1258 842 quod
1290 797 1419 831 subito
1450 797 1646 840 movetur,
1679 796 1720 829 et

301 853 341 888 in
371 863 451 888 rem
481 851 753 887 inveniendam
792 851 906 896 quasi
943 851 1146 896 repentino
1184 851 1317 887 volatu
1352 853 1498 897 fertur,
1540 849 1721 896 reperie-

206 907 286 943 218
308 919 392 946 mus
423 907 697 945 Ruhnkenium
737 910 904 952 utroque
941 917 1089 955 genere
1129 907 1388 953 excelluisse,
1425 911 1469 942 ut
1498 910 1536 941 et
1565 904 1717 953 ingenii

303 967 490 1011 impetum
517 963 668 998 ratione
698 966 876 1009 regeret,
908 966 945 998 et
976 963 1140 998 rationis
1170 963 1245 999 iter
1274 963 1436 1010 ingenio
1467 962 1717 997 acceleraret.

304 1022 357 1058 Et
387 1019 541 1066 quando
571 1019 610 1054 in
641 1018 861 1054 definienda
891 1019 1160 1066 magnitudine
1190 1013 1322 1054 &arum
1353 1014 1580 1064 virium,**)
1621 1027 1721 1062 quae

305 1077 379 1112 sub
422 1079 566 1111 certam
609 1075 781 1121 numeri,
815 1084 1045 1122 mensurae,
1091 1074 1330 1119 ponderisve
1377 1077 1504 1110 notam
1543 1072 1721 1108 revocari

307 1142 382 1168 non
412 1135 589 1177 possunt,
619 1130 726 1166 nulla
756 1140 830 1165 non
861 1131 1045 1166 utendum
1077 1133 1137 1166 est
1168 1130 1393 1166 declarandi
1424 1130 1502 1175 via,
1531 1128 1722 1164 adhibea-

306 1198 393 1224 mus
428 1187 546 1222 etiam
586 1187 779 1232 exempla.
845 1187 965 1232 Apud
1016 1187 1214 1222 Platonem
1260 1187 1337 1221 dno
1385 1189 1475 1221 sunt
1532 1185 1721 1228 homines,

308 1247 347 1280 et
377 1253 448 1279 suo
479 1241 634 1278 nomine
674 1248 712 1278 et
742 1245 965 1278 naturarum
997 1242 1227 1278 diversitate
1265 1242 1468 1289 insignes:
1514 1241 1611 1276 alter
1642 1240 1723 1277 Al-

308 1299 505 1345 cibiades,
556 1298 688 1333 varius
735 1301 777 1333 ut
814 1299 865 1333 nil
906 1298 1053 1345 magiS,
1093 1297 1254 1334 alternis
1294 1298 1403 1333 modo
1443 1297 1630 1332 incitatus
1675 1296 1721 1330 ad

307 1356 436 1393 laudis
467 1354 652 1400 studium,
682 1357 720 1389 et
749 1354 795 1389 ad
828 1355 1022 1402 agendum
1053 1355 1209 1399 quidvis
1241 1354 1480 1400 praeclarum
1504 1353 1633 1388 subito
1663 1353 1724 1388 in-

308 1412 460 1458 volans,
490 1411 602 1447 modo
632 1409 841 1455 deficiens,
884 1414 921 1445 et
962 1410 1007 1446 ad
1027 1421 1189 1446 *omnem
1221 1410 1487 1446 remissionem
1519 1410 1725 1454 lusumque

310 1468 518 1504 delabens:
559 1467 656 1501 alter
687 1467 948 1511 Theaetetus,
987 1470 1177 1512 perpetuo
1216 1471 1356 1502 conatu
1387 1466 1647 1511 aequabiliter
1676 1463 1723 1499 ad

311 1524 545 1570 propositum
578 1522 736 1558 virtutis
767 1523 879 1557 finem
911 1532 1094 1570 pergem,
1127 1526 1174 1567 ct,
1194 1523 1316 1558 veluti
1348 1518 1576 1571 oleum,***)
1605 1520 1726 1556 tacito

310 1580 570 1623 continuoque
602 1581 702 1613 motu
734 1578 820 1613 sine
851 1579 1017 1622 strepitu
1050 1580 1189 1615 fluens.
1250 1580 1353 1620 Aut,
1398 1577 1519 1613 veluti
1558 1576 1729 1622 flumina,

311 1636 386 1670 alia
427 1634 678 1669 debilitantur
721 1634 1024 1679 minuunturque
1079 1645 1147 1679 per
1187 1638 1376 1669 aestatem
1415 1638 1455 1669 et
1493 1633 1727 1682 siccitatem,

312 1695 355 1727 ut
385 1690 655 1737 propemodum
689 1689 884 1736 deficiant,
916 1701 1054 1725 rursus
1084 1690 1329 1726 invalescunt
1361 1691 1570 1738 ingruente
1602 1689 1729 1724 nimbo

313 1749 381 1782 aut
412 1746 562 1790 hieme,
603 1755 719 1790 supra
760 1750 892 1789 notas,
924 1751 961 1781 ut
1005 1743 1186 1793 Poeteli-J
1217 1747 1293 1791 ait,
1344 1747 1448 1792 ripas
1478 1747 1659 1789 aluntur,
1690 1748 1729 1779 et

314 1801 490 1847 proxima
521 1810 696 1846 quaeque
728 1801 813 1835 loca
842 1802 1050 1837 inundant:
1089 1803 1167 1837 alia
1206 1803 1416 1851 perennia,
1456 1801 1650 1837 constanti
1692 1803 1731 1836 et

315 1857 530 1902 aequabili,
561 1857 630 1891 sed
663 1857 809 1891 invicto
841 1860 991 1902 tamen,
1024 1868 1090 1902 per
1121 1868 1269 1893 omnem
1301 1858 1388 1893 aevi
1420 1857 1729 1901 diuturnitatem,

315 1917 443 1949 tractu
482 1913 676 1950 labuntur.
737 1912 839 1947 Huic
878 1913 1067 1949 sedatiori
1106 1914 1243 1960 generi
1283 1913 1446 1948 similior
1483 1914 1557 1948 fuit
1588 1913 1731 1949 Ruhn-

315 1969 422 2005 kenii
454 1971 601 2003 natura.
660 1968 824 2003 Memini
863 1979 922 2003 me
963 1969 1172 2014 aliquando
1202 1969 1318 2004 simili
1348 1970 1634 2014 comparatione
1664 1968 1731 2004 in-

317 2030 377 2061 ter
407 2035 450 2059 se
485 2025 665 2059 conferre
697 2024 795 2059 duos
820 2025 1041 2071 Britannos,
1074 2024 1345 2061 Marklandum
1377 2028 1414 2074 et
1433 2020 1752 2074 Toupium,††)v

316 2081 497 2117 utillum
527 2081 700 2124 ratione,
740 2080 842 2115 hunc
883 2080 1067 2126 ingenio,
1106 2082 1287 2117 Criticam
1329 2076 1511 2118 factitare
1549 2081 1732 2117 dicerem.

221 2138 304 2174 219
321 2139 430 2174 Inter
468 2137 540 2171 hos
577 2136 742 2171 medium
785 2138 909 2171 tenuit
948 2137 1230 2184 Ruhnkenius,
1267 2132 1386 2173 ut‘in
1426 2148 1499 2172 sua
1528 2141 1733 2182 utrumque

317 2193 507 2230 facultate
546 2201 620 2227 non
652 2192 762 2227 modo
801 2195 1000 2238 aequaret,
1030 2193 1097 2227 sed
1136 2197 1359 2239 superaret3
1400 2193 1544 2240 quippe
1573 2193 1733 2228 alteram

318 2249 545 2286 facultatem
585 2248 728 2293 altera,
778 2249 965 2283 rationem
1016 2249 1202 2296 ingenio,
1249 2253 1285 2284 et
1329 2250 1530 2296 ingenium
1571 2249 1736 2298 ratione,

324 2370 354 2406 ’)
381 2369 512 2399 Harum
539 2368 747 2399 facultatum
775 2369 1079 2408 comparationem
1109 2371 1246 2401 institui
1279 2372 1313 2400 in
1334 2370 1541 2409 Praeceptis
1572 2369 1736 2400 Philoso-

370 2415 470 2453 phiae
498 2414 655 2451 Logicae
680 2413 722 2452 ll,
750 2413 779 2452 l,
810 2414 860 2444 14.
888 2415 1131 2445 WYTTENB.
1149 2431 1191 2437 -
1211 2415 1330 2454 Nuper
1353 2416 1484 2454 prodiit
1506 2415 1563 2445 hic
1586 2415 1674 2445 liber
1698 2416 1733 2445 in

369 2458 561 2489 Germania
600 2466 750 2488 recusus
782 2459 847 2489 hac
880 2460 1135 2498 inscriptione:
1173 2460 1213 2490 D.
1240 2460 1514 2499 VVyttenbachii
1545 2463 1735 2498 praecepta

369 2503 610 2542 philosophiae
636 2503 799 2542 logicae3
834 2503 1025 2534 editionem
1058 2513 1184 2535 novam
1221 2505 1420 2535 scholarum
1447 2503 1568 2534 usibus
1592 2512 1734 2535 accom-

368 2547 542 2578 modatam
567 2550 777 2586 recognovit.
812 2548 838 2578 Ι.
873 2548 915 2579 G.
947 2549 987 2579 Ε.
1015 2549 1142 2579 Maass,
1190 2551 1302 2580 Halae
1327 2550 1404 2580 libr.
1440 2549 1586 2588 orphan.
1636 2547 1739 2580 1821.“
1775 2561 1777 2564 ·

369 2592 649 2622 LlNDEMANN.

323 2634 370 2673 ··)
397 2635 611 2666 conferatur
636 2639 760 2668 nostra
784 2639 980 2676 sententia,
1014 2637 1155 2677 prodita
1190 2640 1224 2668 in
1252 2637 1478 2669 Praefatione
1503 2638 1546 2669 ad
1573 2637 1738 2669 Biblioth.

371 2680 463 2712 Crit.
489 2681 570 2710 Vol.
595 2681 655 2712 ill.
681 2682 778 2712 Part.
803 2682 830 2712 Ι.
858 2682 970 2712 Praef.
997 2691 1029 2721 p.
1054 2683 1116 2714 ΧΙ.
1468 2707 1470 2710 .

325 2724 389 2762 ···)
414 2725 514 2755 Plato
539 2725 732 2756 Theaeteto
758 2736 788 2766 p.
824 2726 900 2757 1¹5.
936 2727 977 2758 D.
1026 2721 1099 2758 οἴωΙ
1123 2726 1241 2758 ἐλαίου
1274 2727 1381 2771 ῥεῦμα
1415 2726 1569 2768 ἀψοφητὶ
1598 2726 1745 2770 ῥέοντυς.

326 2765 374 2810 ἢ)
399 2770 521 2800 Horat.
548 2768 663 2801 Carm.
686 2770 747 2811 lv,
770 2771 803 2809 2,
827 2771 858 2800 6.

326 2812 397 2854 ἢ)
422 2814 581 2845 mmmm.
609 2814 694 2845 cm.
723 2815 802 2845 voi.
828 2815 854 2845 1.
903 2815 995 2846 Part.
1024 2815 1082 2846 nr.
1112 2825 1142 2854 ρ.
1167 2817 1222 2847 39.
