1833 3237
826 191 994 231 -74
1057 214 1106 221 ..-

266 309 354 358 tati,
387 305 610 345 Ruhnlzenii
648 304 930 350 provectiorem
969 307 1136 341 aetatem
1178 314 1266 340 cum
1294 304 1470 340 doctrina
1499 304 1603 340 illam
1635 308 1676 341 et

264 365 415 401 *virtute
436 364 676 399 coniunctam
697 362 1007 406 anteposuisset:
1024 362 1191 406 denique
1210 361 1255 395 ad
1281 360 1404 406 ipsum
1427 361 1579 406 puellae
1599 361 1674 396 ad·-

173 429 257 465 123
274 424 449 467 spectum
467 418 660 454 molliores
690 417 846 459 redditi,
864 417 985 452 veluti
1007 428 1122 452 senes
1145 416 1303 453 Troiani
1325 416 1417 451 illud
1438 418 1676 464 aocinerent,

444 474 495 511 Οὐ
523 477 663 521 νέμεσις
697 475 820 522 Τρῶας
850 476 907 509 καὶ
937 474 1151 521 ἐϋκνήμιδας
1174 469 1347 519 Ἀχαιοὺς

441 528 564 577 ΤοιῇεΫ
594 528 688 577 ἀμφὶ
716 532 859 579 γυναικὶ
888 529 1001 565 πολὺν
1026 529 1156 578 χρόνον
1185 529 1297 578 ἄλγεα
1327 527 1486 573 πάσχειν.
1506 524 1547 574 *)

270 597 377 641 Quod
426 595 580 641 quidem
628 595 771 630 dictum
826 594 1020 642 singulari
1055 595 1218 640 quadam
1261 594 1327 629 fati
1382 593 1588 638 iniquitate
1636 593 1675 628 in

267 652 502 689 Ruhnkenio
534 661 665 687 verum
699 650 856 687 accidit.
914 651 1012 686 Nam
1045 661 1128 685 eum
1162 661 1283 686 uxore
1313 653 1500 695 amanter,
1529 649 1678 684 libera-

269 709 374 758 liter,
404 708 728 755 indulgenterque
754 706 905 752 vivens,
936 716 982 740 ac
1008 706 1157 740 duabus
1179 716 1265 740 mox
1292 710 1431 741 auctus
1458 704 1676 740 festivissi-

269 765 343 799 mis
383 764 548 809 filiabus,
595 764 746 798 brevem
788 772 836 796 ex
868 772 915 796 ea
945 761 1119 807 percepit
1158 761 1350 806 reliquum
1381 760 1677 796 consuetudinis

268 831 316 856 ac
337 820 546 856 suavitatis
568 820 757 864 fructum3
781 818 881 864 ipsa,
903 812 1083 864 sexto**)
1105 817 1278 864 coniugii
1298 827 1410 864 anno,
1433 816 1678 862 perapople-

269 877 387 922 aziam,
420 875 667 922 labefactata,
700 884 745 908 ao
767 874 925 918 primum
957 873 1138 917 loquendi
1162 873 1364 920 facultate,
1397 872 1677 918 postea'etiam

269 932 466 967 oculorum
488 941 606 965 sensu
630 931 779 974 orbata3
801 932 843 964 ut
862 939 963 964 nunc
984 928 1064 963 viro
1083 932 1298 976 superstes-7
1331 939 1378 963 cx
1402 927 1576 964 mirificis
1599 928 1679 962 illis

269 990 415 1024 formae
444 986 639 1031 animique
661 985 786 1029 bonis,
817 985 884 1020 vix
912 985 1082 1020 umbram
1114 987 1150 1019 et
1177 984 1264 1019 leve
1286 984 1495 1030 vestigium
1518 984 1678 1020 referat.

383 1042 676 1077 Matrimonium
708 1041 821 1075 aliam
853 1040 987 1087 vitam,
1019 1040 1117 1074 alios
1149 1049 1287 1084 moreS‚
1318 1042 1423 1074 certe
1454 1040 1491 1074 in
1523 1039 1677 1073 studio-

269 1108 352 1133 rum
413 1096 652 1142 temporibus
700 1095 977 1143 mutationem,
1033 1094 1173 1130 attulit.
1245 1096 1349 1130 Ante
1394 1094 1558 1130 solutior
1596 1096 1681 1129 erat

270 1152 544 1203 Ruhnlzenius7
585 1152 781 1200 genioque
826 1151 951 1199 magis
990 1152 1232 1196 obsequens:
1274 1153 1428 1196 tempus
1471 1161 1492 1184 a
1534 1150 1682 1186 scholis

271 1209 431 1244 liberum
473 1208 668 1243 tribuebat
709 1207 857 1253 amicis,
890 1207 1063 1253 circulis,
1097 1206 1289 1258 coetibus7
1321 1206 1527 1257 conviviis7
1556 1206 1678 1241 rusti-

272 1265 430 1307 cationi,
480 1264 633 1299 omnino
688 1262 939 1298 relaxationi:
995 1266 1031 1297 et
1082 1264 1163 1298 fere
1216 1262 1390 1297 diurnam
1447 1262 1678 1297 hilaritatem

273 1324 461 1356 nocturna
487 1319 755 1356 lucubratione
781 1319 1068 1363 compensabat.
1126 1320 1207 1354 Iam
1234 1318 1330 1354 haec
1362 1319 1488 1354 omnia
1514 1318 1560 1353 ad
1586 1320 1682 1354 stri-

272 1376 430 1412 ctiorem
463 1378 571 1411 erant
616 1375 829 1423 redigenda
874 1375 1043 1423 modum,
1087 1375 1133 1409 ad
1176 1375 1309 1409 uxoris
1340 1385 1505 1410 amorem
1546 1378 1584 1409 et
1624 1374 1682 1410 rei

274 1432 477 1467 familiaris
523 1442 635 1467 usum
680 1430 1018 1467 accommodanda.
1099 1432 1178 1466 Iam
1222 1441 1318 1465 suae
1363 1431 1504 1476 cuique
1552 1440 1679 1478 nego-

273 1487 327 1523 tio
357 1491 528 1523 statutae
553 1488 745 1523 dabantur
767 1487 909 1522 horae:
941 1486 1081 1522 studiis
1112 1486 1324 1522 matutinae
1349 1490 1388 1522 et
1417 1486 1679 1530 vespertinae.

178 1545 445 1591 124Surgere
476 1554 614 1579 mane:
660 1543 757 1578 duas
789 1543 1013 1589 plerumque
1045 1543 1159 1577 horas
1194 1542 1340 1578 Litoris
1380 1542 1555 1580 studere:
1601 1545 1681 1578 tum

270 1600 369 1635 duas
399 1600 461 1634 vel
489 1603 567 1635 tres
592 1599 780 1634 habendis
811 1598 959 1634 scholis
990 1599 1232 1646 transigere:
1262 1598 1363 1634 inter
1386 1599 1457 1634 has
1481 1598 1543 1633 vel
1569 1597 1680 1634 domo

270 1655 393 1705 exire,
432 1656 495 1691 vel
534 1655 691 1700 quidvis
722 1655 826 1690 aliud
869 1655 969 1690 domi
1000 1664 1143 1701 agere:
1185 1664 1309 1700 porro,
1341 1654 1552 1700 prandere:
1591 1654 1682 1689 inde

269 1715 337 1746 aut
366 1711 452 1756 ipse
492 1712 538 1745 ad
572 1711 717 1745 amicos
750 1711 955 1758 ventitare,
999 1714 1065 1745 aut
1096 1710 1153 1745 illi
1192 1710 1238 1744 ad
1272 1710 1412 1756 ipsum:
1458 1710 1681 1746 ambulare:

269 1767 342 1802 sub
373 1776 576 1811 vesperam
608 1766 758 1800 domum
791 1766 938 1800 redire:
979 1766 1110 1801 horam
1141 1766 1223 1800 fere
1253 1767 1400 1800 Literis
1431 1766 1551 1801 dare:
1584 1776 1680 1802 coe-

271 1831 363 1859 nare
393 1831 480 1856 cum
510 1831 632 1856 uxore
663 1824 701 1855 et
731 1821 889 1857 liberis:
920 1820 1122 1856 dormitum
1150 1821 1269 1856 abire.
1329 1822 1425 1856 'rres
1456 1825 1581 1856 tamen
1614 1832 1682 1866 per

273 1877 549 1912 hebdomadem
591 1876 674 1912 dies
715 1887 737 1911 a
776 1876 923 1911 scholis
968 1876 1144 1920 vacabat,
1185 1886 1394 1922 eorumque
1434 1887 1550 1912 unum
1599 1878 1680 1912 fere

272 1933 528 1980 alterumque,
562 1938 598 1967 ut
633 1935 760 1978 autea,
790 1932 845 1966 ita
875 1935 913 1966 et
945 1935 1036 1966 tunc
1067 1936 1106 1966 et
1135 1928 1282 1977 postea,
1315 1932 1512 1967 venationi
1551 1932 1680 1967 dabat.

272 1989 315 2024 Si
364 1989 450 2034 quis
504 1988 736 2033 paucitatem
790 1986 1098 2032 brevitatemque
1145 1988 1330 2032 temporis
1375 1988 1516 2022 studiis
1554 1988 1680 2023 relicti

271 2044 431 2091 cogitet,
471 2044 560 2079 item
601 2045 759 2088 reputet
792 2046 1026 2088 quantopere
1063 2043 1099 2077 id
1141 2040 1383 2078 imminutum
1424 2043 1678 2079 distractum-

271 2109 346 2144 que
378 2099 495 2134 t'uerit
527 2099 729 2134 multorum
763 2098 997 2133 necessitate
1028 2108 1112 2132 cum
1156 2099 1383 2141 officiorum,
1420 2099 1681 2135 Academico-

272 2165 354 2190 rum
387 2154 553 2201 quidem,
594 2155 660 2189 sed
710 2154 761 2189 nil
805 2165 889 2189 rum
931 2153 1175 2188 institutione
1220 2158 1258 2189 et
1297 2156 1437 2190 studiis=
1478 2166 1681 2191 commune

271 2210 509 2256 habentium,
551 2210 850 2245 adventitiorum
891 2220 963 2244 nec
1003 2209 1077 2244 nisi
1118 2210 1237 2244 bonas
1279 2210 1390 2244 horas
1420 2211 1680 2254 intercipien-

272 2266 387 2301 tium:
436 2270 513 2300 tum
556 2267 799 2313 negotiorum
832 2264 1051 2310 frequentia
1092 2265 1498 2308 extraordinariorum,
1544 2266 1679 2311 partim

273 2331 446 2362 suornm,
489 2323 626 2366 partim
667 2322 901 2356 alienorum:
945 2325 1020 2356 tum
1063 2321 1313 2356 salutatorum
1347 2322 1583 2366 aliorumque
1615 2321 1680 2356 in·-

272 2377 561 2421 terpellatorum
602 2377 911 2422 importunitate:
956 2376 1051 2411 llaec
1092 2377 1213 2424 igitur
1250 2378 1284 2412 si
1320 2378 1406 2422 quis
1447 2377 1606 2424 cogitet⁷
1647 2377 1681 2412 is

275 2433 450 2478 profecto
483 2443 554 2467 non
587 2434 758 2479 miretur,
792 2432 1064 2468 Rulnnlrenium
1097 2443 1170 2468 non
1194 2434 1303 2479 plura
1329 2433 1502 2469 edidisse
1533 2433 1683 2468 doctri·-

274 2574 301 2616 ’)
329 2575 473 2605 Homeri
500 2575 596 2606 iliud.
621 2588 652 2615 y,
685 2576 755 2607 156.
928 2595 942 2602 -

275 2639 316 2680 '*)
341 2641 450 2671 Immo
487 2643 638 2673 octat-0:
682 2643 853 2682 siquidem
894 2651 981 2683 quae
1013 2645 1044 2675 lt.
1079 2646 1101 2676 l.
1128 2645 1318 2676 narrantur
1341 2651 1432 2674 auno
1461 2643 1559 2674 1771.
1585 2644 1680 2674 acei-

321 2685 459 2715 dernut.
511 2687 589 2715 Vid.
627 2688 720 2718 infra,
753 2697 830 2728 pag.
862 2688 936 2718 157.
971 2687 1026 2719 ed.
1061 2699 1112 2729 pr.
1145 2690 1408 2719 Matrimonium
1439 2694 1556 2719 autem
1588 2685 1681 2719 anuo

320 2729 420 2760 1763.
447 2731 569 2760 iniisse
595 2732 857 2771 Rulinkenium‚
890 2735 986 2769 patet.
1008 2736 1113 2765 etiam
1145 2742 1188 2764 ex
1224 2733 1268 2763 iis
1292 2740 1381 2772 quae
1417 2735 1450 2764 in
1477 2734 1555 2765 adn.
1587 2733 1614 2765 Ι.
1638 2733 1682 2766 ad

322 2783 400 2815 pag.
426 2775 479 2806 ed.
504 2784 555 2815 pr.
585 2776 657 2805 178.
683 2777 820 2815 prodita
844 2780 934 2808 sunt.
984 2778 1054 2809 ΕΒ.
