1833 3237
619 194 956 234 -43-

83 311 246 359 tigatus‚
284 309 329 344 ut
366 308 434 343 aut
473 305 552 342 otio
589 315 634 342 se
673 308 741 341 aut
769 315 902 341 somno
932 306 1094 340 reficere
1124 304 1298 342 deberet.
1364 305 1493 342 Otium

81 365 278 402 referebat
307 373 383 399 non
415 363 460 398 ad
491 362 654 398 aliorum
684 361 890 396 lectionem
919 361 1104 397 librorum
1145 360 1375 397 recentioris
1405 371 1486 408 ge-

71 421 190 457 ‘neris
229 419 480 465 saeculique:
516 428 604 453 nam
641 417 774 452 oculos
815 420 1061 461 mentemque
1098 417 1315 461 perillum
1344 426 1487 452 annum
1501 418 1553 454 69

81 477 179 513 solis
209 475 380 521 antiquis
411 475 707 512 consecraverat
738 472 962 508 codicibus:
1001 472 1070 507 sed
1110 472 1159 506 ad
1187 472 1388 508 liberalem
1418 473 1494 508 ob-

81 531 352 579 lectationem,
383 529 642 578 cognitionem
672 528 794 574 urbis,
825 528 1034 575 hominum,
1064 538 1270 573 rerumque
1300 538 1494 564 memora-

81 588 229 624 bilium.
285 586 451 624 Memini
492 595 578 621 eum
618 584 783 620 subinde
822 584 862 619 in
906 583 1014 624 illius
1055 584 1240 629 temporis
1270 585 1493 620 memoriam

81 643 234 692 redire,
275 653 323 679 ac
361 642 530 678 libenter
575 639 826 685 suaviterque
863 640 911 674 de
953 649 998 675 eo
1044 650 1195 674 mecum
1234 640 1494 687 confabulari,

82 710 167 734 cum
204 709 265 734 me
312 698 361 733 ad
399 697 572 733 eamdem
610 706 763 741 operam
802 695 1238 743 peregrinationemque
1275 696 1494 731 faciendam

80 754 316 791 hortaretur.
364 753 524 801 Nullus,
555 752 695 800 aiebat,
726 752 766 787 in
793 755 874 788 tot-3
905 755 1094 787 terrarum
1125 751 1216 786 orbe
1246 751 1370 797 locus,
1400 751 1494 787 item

81 813 124 846 ut
154 810 356 858 Lutetia„
382 820 468 845 cum
499 809 671 844 abundat
700 808 802 843 omni
834 808 1001 843 omnium
1034 808 1171 842 artium
1204 806 1494 844 doctrinarum-

81 876 156 910 que
191 865 357 900 materia
398 867 436 899 et
466 864 733 911 supellectile,
773 867 852 898 tum
883 863 1016 898 adnuit
1047 864 1149 898 omni
1180 863 1302 898 omnis
1333 862 1494 910 generis

81 921 324 966 voluptatum
354 918 657 963 deliciarumque
686 918 955 954 instrumento.
1023 919 1084 953 Ne
1116 919 1240 953 dicam
1272 919 1318 953 de
1349 920 1496 965 ingen-

83 976 187 1012 tibus
211 974 474 1011 aedificiorum
501 974 699 1021 operibus,
731 974 917 1020 basilicis,
942 973 1111 1024 templis,
1141 974 1374 1020 gymnasiis,
1407 983 1496 1018 por-

81 1031 249 1078 ticibus,
280 1030 466 1075 theatris,
495 1030 834 1077 ambulationibus,
865 1029 967 1077 aliiS,
998 1040 1207 1074 eorumque
1239 1032 1278 1064 et
1307 1029 1496 1076 magnifi-

84 1088 216 1124 centia
265 1090 305 1122 et
341 1085 604 1122 multitudine:
655 1086 813 1121 conssuit
849 1086 888 1121 in
928 1095 1012 1121 eam
1056 1087 1190 1121 urbem
1233 1084 1417 1130 quidquid
1456 1086 1497 1120 et

82 1146 167 1179 arte
197 1142 301 1178 effici
332 1145 372 1177 et
400 1141 560 1189 ingenio
599 1141 816 1188 excogitari
853 1143 1000 1187 potest,
1036 1151 1122 1177 cum
1161 1141 1208 1175 ad
1249 1139 1495 1176 deliniendos

82 1199 245 1245 oculos,
285 1201 365 1233 tum
395 1198 444 1232 ad
475 1197 724 1233 oblectandas
767 1207 910 1244 aures,
948 1200 1028 1232 tum
1066 1198 1115 1232 ad
1152 1197 1323 1241 reliquos
1355 1206 1496 1231 sensus

79 1253 293 1289 titillandos
323 1263 371 1288 ac
399 1252 641 1289 mulcendOS.
688 1252 819 1299 Igitur
848 1256 886 1287 ct
913 1253 1113 1288 doctrinae
1144 1252 1343 1287 studiosus
1363 1252 1493 1299 habet,

81 1320 157 1356 quo
196 1309 428 1354 descendat,
469 1308 660 1356 placando
701 1309 821 1356 genio
865 1308 1069 1343 honestum
1112 1307 1409 1344 diverticulum:
1458 1309 1498 1342 et

80 1365 325 1412 voluptarius
362 1365 497 1408 habet,
543 1374 617 1410 quo
656 1374 700 1400 se
747 1375 770 1399 a
809 1364 1014 1402 Sirenibus
1054 1364 1103 1399 ad
1145 1365 1285 1400 Musas
1330 1362 1496 1409 attollat,

80 1424 340 1469 opportunum
369 1421 681 1467 receptaculum:
712 1420 961 1466 cerniturque
988 1420 1084 1456 illud
1115 1421 1156 1456 in
1185 1430 1332 1456 morum
1359 1419 1497 1455 diver-

81 1478 199 1514 sitate
228 1480 585 1524 temperamentum,
624 1480 668 1513 ut
694 1487 768 1513 nec
798 1477 994 1512 doctrinae
1024 1477 1226 1513 studiosus
1257 1476 1388 1524 rigida
1418 1486 1495 1511 au-

81 1533 259 1570 steritate
288 1534 465 1579 horreat,
508 1534 578 1569 sed
617 1533 761 1569 habeat
790 1534 959 1579 aliquem
990 1532 1199 1569 suavitatis
1230 1535 1268 1568 et
1299 1532 1496 1568 comitatis

81 1590 264 1626 nitorem:
296 1599 368 1625 nec
389 1589 632 1635 voluptarius
651 1589 827 1625 redoleat
856 1589 964 1624 vitae
994 1600 1091 1625 suae
1117 1590 1257 1636 labem,
1289 1588 1357 1623 sed
1383 1589 1498 1635 gerat

83 1645 249 1690 aliquem
280 1645 385 1681 haud
416 1645 586 1680 alienum
617 1655 640 1679 a
668 1645 799 1680 Musis
837 1645 1026 1680 decorem.
1098 1645 1242 1680 Omnes
1273 1644 1320 1678 ad
1352 1643 1495 1678 Musas

84 1701 215 1736 aditus
254 1700 466 1746 unicuique
504 1702 639 1746 patent
669 1702 707 1735 et
744 1700 868 1746 aperti
907 1702 1019 1745 sunt3
1070 1699 1105 1735 si
1144 1700 1299 1745 quidem
1340 1695 1561 1744 publico'w

85 1759 125 1792 et
161 1756 352 1792 communi
391 1756 482 1791 usui
521 1756 651 1791 dicata
691 1759 785 1790 sunt
822 1756 990 1802 Musca,
1023 1755 1090 1790 ubi
1128 1766 1215 1790 cum
1251 1754 1341 1789 libri
1371 1753 1499 1789 omnis

82 1812 243 1860 generis
274 1817 562 1857 expromuntur,
592 1812 672 1846 tum
702 1811 918 1855 spectanda
948 1813 1195 1855 exponuntur
1220 1810 1360 1845 artium
1390 1810 1497 1846 libe-

82 1868 223 1904 ralium
253 1877 372 1913 opera
400 1877 516 1902 manu
546 1867 673 1914 facta,
713 1866 918 1912 Picturae‚
960 1867 1206 1913 statuariae,
1246 1866 1494 1913 Sculpturae,

80 1923 409 1969 Numismaticae,
449 1922 634 1958 aliarum:
678 1923 861 1958 materies
893 1925 931 1958 et
970 1922 1124 1968 opificia
1163 1923 1255 1958 item
1286 1922 1497 1967 Physicae,

83 1979 361 2026 Anatomicae,
391 1978 639 2023 Medicinae,
669 1977 953 2024 Mechanicae,
982 1979 1268 2024 Astronomiae,
1297 1978 1497 2013 Historiae

82 2035 307 2080 Naturalis,
351 2037 390 2069 et
429 2034 576 2069 nullius
615 2043 690 2068 non
731 2034 975 2079 disciplinae.
1035 2033 1184 2075 Quibus
1215 2034 1253 2070 in
1285 2034 1382 2069 locis
1412 2034 1496 2069 fere

84 2091 323 2126 conveniunt
354 2091 392 2124 et
421 2089 538 2134 periti
568 2091 607 2123 et
633 2089 815 2134 imperiti,
844 2090 940 2124 fiunt
971 2089 1109 2125 circuli
1140 2089 1419 2136 spectantium,
1448 2089 1497 2124 de

83 2145 218 2180 harum
248 2144 389 2180 artium
420 2145 601 2189 operibus
633 2148 671 2180 et
700 2145 850 2180 ratione
877 2145 1200 2192 colloquentium,
1242 2146 1494 2190 narrantium,

83 2199 368 2245 iudicantium3
408 2203 451 2235 ut
488 2200 659 2246 imperiti
693 2211 740 2236 ac
776 2201 916 2247 rudes,
958 2202 1158 2236 adstantes
1198 2204 1237 2236 et
1277 2201 1495 2245 audientes,

83 2254 232 2301 aliquid
270 2255 457 2301 paulatim
505 2256 648 2291 amoris
689 2259 728 2291 et
775 2256 1012 2302 cognitionis
1052 2256 1261 2302 colligant,
1305 2256 1408 2291 unde
1445 2256 1495 2290 ad

82 2311 250 2347 interius
281 2311 395 2346 etiam
427 2311 598 2347 studium
629 2311 866 2356 alliciantur,
896 2313 963 2346 aut
993 2314 1099 2346 certe
1130 2311 1331 2346 doctrinae
1361 2311 1494 2356 specie

43 2407 51 2410 ,
82 2366 314 2402 colorentur.
373 2366 451 2403 Sed
490 2377 564 2402 non
603 2367 730 2401 minus
771 2366 811 2401 in
850 2369 1001 2411 promtu
1037 2369 1077 2402 et
1116 2368 1256 2402 obviae
1286 2370 1495 2403 versantur

85 2422 327 2468 voluptatum
378 2421 728 2466 illecebrarumque
767 2422 902 2457 variae
951 2423 1122 2468 formae,
1171 2423 1311 2468 quibus
1351 2422 1498 2468 ubique

83 2478 379 2513 occurrentibus
403 2480 441 2512 et
470 2477 613 2512 blande
640 2477 923 2523 accidentibus,
955 2478 1115 2522 quinon
1147 2480 1397 2513 convertatur
1419 2478 1498 2513 ali-

85 2533 259 2579 quando,
301 2533 337 2569 is
376 2535 443 2567 aut
479 2534 633 2568 ferreus
675 2532 745 2576 sit,
792 2537 858 2568 aut
897 2534 1098 2577 perfectus
1138 2544 1159 2569 e
1189 2534 1323 2569 Stoica
1361 2534 1498 2569 schola.

87 2587 257 2632 sapiens.
315 2587 506 2633 Equidem
536 2599 561 2623 a
590 2588 848 2624 familiaribus
873 2598 943 2633 per
972 2589 1099 2624 iocum
1131 2589 1321 2625 Hercules
1350 2589 1497 2625 Musa-

84 2643 200 2688 getes
230 2643 419 2691 vocabar3
466 2643 532 2690 qui
561 2644 800 2690 voluptatem
831 2653 904 2678 non
935 2644 1124 2691 fugisset,
1154 2644 1224 2679 sed
1253 2643 1418 2680 vicisset
1447 2655 1496 2680 ac

84 2695 215 2731 Musis
251 2709 390 2743 parere
427 2698 641 2747 coegisset.
700 2701 781 2747 Tu,
823 2699 937 2734 cuius
967 2699 1041 2736 Dei
1069 2701 1227 2737 Deaeve
1264 2701 1426 2736 tutelam
1455 2703 1496 2735 et

86 2751 351 2792 auctoritatem
380 2755 491 2803 sequi
523 2755 644 2803 velis,
682 2754 767 2804 ipse
797 2754 1013 2792 iudicabis:
1046 2758 1166 2806 certe,
1197 2755 1393 2793 Lutetiam
1423 2755 1495 2792 tibi
