1816 3233
881 205 1187 245 —116—

322 325 597 370 interpretum,
638 318 790 369 Colvii,
831 318 1043 367 Wowerii‚
1085 317 1318 369 Stewechii‚
1358 320 1651 369 Elmenhorstii‚
1692 324 1732 356 et

323 373 678 416 aliorumradiecit:
709 375 750 412 in
779 375 1021 421 praefatione
1060 373 1109 409 de
1139 373 1325 419 Appuleii
1356 375 1614 425 dictionerde
1642 376 1731 412 Ou-

322 433 523 479 den'dorpii
552 441 669 477 opera
693 435 733 467 et
761 430 963 478 subsidiis,
994 433 1073 466 tam
1102 429 1316 477 diligenter
1344 431 1623 478 eleganterque
1653 442 1730 467 ex-

322 490 463 538 posuit,
500 488 669 523 ut-haeo
706 496 859 533 quoque
899 487 940 522 in
971 486 1179 522 celebratis
1209 487 1404 521 censenda
1434 487 1485 522 sit
1515 488 1734 533 praefatio-

321 546 450 582 nibus,
508 544 675 589 Reliqua
691 543 878 589 Appuleii
906 553 996 589 pars
1027 542 1155 578 adhuc
1175 541 1216 577 in
1247 542 1404 578 scriniis
1434 540 1729 590 continetur:*)

322 605 360 638 et
399 603 458 636 est
497 609 593 635 sane
630 598 773 635 idonea
811 599 994 646 materia,
1039 598 1079 633 in
1121 608 1197 644 qua
1227 598 1430 634 tractanda
1461 609 1507 633 ac
1537 599 1737 644 prodenda

320 658 459 693 doctus
497 654 641 701 aliquis
675 655 831 690 iuvenis
871 654 1069 690 doctrinae
1111 655 1281 690 fructum
1321 654 1548 699 laudemque
1588 664 1733 690 couse-

321 715 472 759 quatur.
542 711 659 748 Plura
698 711 746 746 de
787 711 861 746 hoc
901 711 995 745 libro
1038 709 1208 744 diximus
1249 710 1288 744 in
1321 710 1523 754 relatione,
1555 710 1732 756 quamvis

322 769 447 816 brevi,
478 767 747 804 Bibliothecae
778 766 947 803 Criticae
978 765 1068 802 Vol.
1100 766 1170 800 111.
1202 766 1306 800 Part.
1335 767 1366 802 Ι.

433 823 540 860 Idem
573 823 609 859 ei
638 825 790 868 tempus
830 821 1058 857 conciliavit
1087 821 1264 856 notitiam
1294 821 1582 867 amicitiamque
1613 822 1657 857 G.
1689 821 1734 860 L.

321 879 559 927 Spaldingii,
595 878 769 925 eleganti
807 877 967 924 ingenio
1006 876 1259 922 doctrinaque
1289 878 1458 928 iuvenis,
1488 887 1558 923 per
1587 877 1735 922 aliquot

321 945 478 972 menses
508 934 610 980 apud
640 944 712 969 nos
742 933 1047 980 peregrinantis.
1114 933 1169 967 De
1200 942 1274 978 quo
1303 943 1419 977 quum
1449 933 1552 969 idem
1582 932 1735 968 utrius-

322 1001 398 1036 que
428 993 602 1027 nostrum
632 990 753 1025 fuerit
781 999 935 1034 sensus,
968 999 1042 1024 non
1073 998 1228 1034 possum
1259 989 1392 1024 facere
1420 989 1513 1033 quin
1544 997 1733 1034 apponam

322 1047 452 1082 locum
493 1056 543 1081 ex
587 1045 673 1080 eius
711 1045 760 1079 ad
799 1055 860 1080 me
897 1045 987 1079 data
1023 1043 1190 1088 epistola
1228 1053 1362 1078 mense
1392 1045 1614 1079 Novemhre
1644 1043 1735 1078 anni

235 1100 451 1146 1941786.
482 1101 605 1147 ,,Νοη
630 1100 789 1135 dubito‘·
825 1099 951 1144 inquit
982 1125 1004 1145 „
1018 1098 1109 1144 quin
1140 1108 1260 1144 saepe
1280 1098 1426 1134 videris
1449 1098 1735 1145 Spaldingium.

324 1158 392 1203 „Is
422 1156 582 1203 ingenio
614 1159 653 1191 et
682 1155 923 1190 humanitate
953 1165 1026 1189 sua
1045 1164 1104 1189 me
1127 1154 1288 1189 mirifice
1310 1154 1424 1200 cepit.
1467 1155 1623 1191 Utinam
1645 1154 1736 1190 talis

322 1212 530 1259 ‚,iuvenis,
567 1211 686 1247 misso
726 1211 855 1246 studio
886 1210 1150 1256 Theologico‚
1181 1220 1224 1245 se
1263 1213 1383 1245 totum
1415 1210 1561 1246 Literis
1590 1210 1736 1246 nostris

323 1265 543 1313 ‚,dicaret.“
611 1266 723 1302 Haud
755 1276 895 1301 vanum
935 1266 1011 1300 fuit
1040 1268 1226 1310 optatum.
1294 1265 1364 1301 Ille
1403 1275 1493 1301 mox
1533 1265 1737 1301 Professor

324 1322 530 1368 Gymnasii
569 1321 992 1358 Berolinocoloniensis
1029 1322 1173 1366 factus,
1212 1320 1437 1366 Literisque
1467 1321 1611 1357 nostris
1641 1320 1736 1357 vin-

323 1379 490 1424 dicatus,
529 1378 629 1413 bene
668 1377 716 1412 de
755 1378 805 1412 iis
846 1378 984 1412 meruit
1014 1376 1265 1421 complurium
1295 1377 1480 1412 librorum
1511 1376 1737 1426 scriptione,

324 1437 363 1470 et
392 1444 514 1479 nuper
542 1433 726 1478 perdocta
746 1432 997 1475 Quinctiliani
1019 1432 1202 1477 editione,
1234 1432 1346 1467 cuius
1368 1433 1531 1477 primum
1554 1433 1732 1468 volumen

322 1490 524 1536 superiore
553 1499 654 1524 anuo
673 1487 861 1538 (1798),
880 1498 924 1523 eo
944 1488 1043 1532 ipso,
1073 1498 1147 1533 quo
1164 1491 1339 1522 mortuus
1369 1492 1430 1522 est
1459 1488 1736 1533 Ruhnkenius,

324 1546 488 1591 prodiit:
520 1545 568 1580 de
598 1555 672 1590 quo
704 1544 792 1589 quid
825 1543 1080 1590 Spalding-ius
1109 1543 1149 1578 in
1181 1543 1424 1589 praefatione
1449 1543 1637 1589 posuerit,
1661 1553 1736 1579 non

324 1601 575 1636 omittendum
596 1601 761 1635 videtur.
822 1600 987 1634 Primum
1017 1599 1124 1634 illius
1145 1599 1281 1634 literas
1303 1599 1349 1633 ad
1370 1610 1413 1634 se
1428 1600 1466 1635 d.
1488 1598 1554 1634 20.
1579 1600 1737 1636 Octobr.

325 1656 446 1691 1793.
489 1656 599 1690 datas
639 1656 759 1690 refert
800 1655 890 1689 has:
939 1654 1209 1699 „Bibliotheca
1248 1655 1457 1690 Leidensis
1496 1655 1567 1691 tibi
1605 1658 1659 1691 tot
1691 1665 1738 1690 ac

322 1715 462 1759 „tant-a
490 1711 547 1747 rei
578 1713 676 1747 bene
706 1711 906 1758 gerendae
935 1711 1134 1756 praesidia
1158 1711 1435 1757 suppeditabit,
1463 1715 1507 1747 ut
1534 1714 1739 1757 praeterea

326 1777 431 1818 y‚non
474 1766 530 1802 ita
569 1768 727 1802 multum
768 1766 1040 1811 requirendum
1079 1766 1273 1803 videatur.
1342 1768 1442 1803 Nam
1474 1770 1561 1812 post
1590 1767 1737 1803 editum
1792 1762 1799 1767 ”

322 1833 377 1871 „a
406 1824 624 1858 Rurmanno
655 1822 969 1865 Quinctilianum,
1012 1821 1050 1855 in
1084 1821 1355 1857 bibliothecam
1386 1823 1580 1867 publicam
1611 1832 1737 1858 vene-

327 1880 446 1925 „runt
477 1877 551 1912 (luo
571 1877 681 1914 codd.
703 1888 794 1913 mss.
818 1877 985 1912 nondum
1016 1876 1191 1927 excussi,
1221 1877 1352 1922 plures
1383 1878 1610 1913 collationes
1640 1888 1734 1914 mss.

327 1933 491 1978 „partim
527 1944 548 1966 a
595 1943 743 1967 summo
783 1934 866 1968 viro
905 1934 958 1967 10.
1001 1933 1211 1967 Frederico
1250 1933 1470 1979 Gronovio,
1533 1933 1670 1978 partim
1713 1944 1735 1968 a

326 1989 565 2035 „Laurentio
606 1988 810 2023 Theodoro
852 1987 1047 2023 Gronovio
1088 1989 1231 2022 sactae.
1290 1988 1464 2032 Denique
1494 1989 1579 2033 ipse
1609 1999 1736 2034 appa-

327 2048 490 2094 „ramur
522 2049 631 2088 qfuem
663 2045 857 2079 Ernestus
890 2043 1116 2090 collegerat,
1149 2052 1239 2078 care
1269 2044 1481 2079 redemtum
1502 2045 1540 2079 in
1562 2044 1735 2080 eamdem

325 2099 468 2141 „intuli
497 2094 818 2136 bibliothecam.“
847 2098 996 2141 Quibus
1027 2099 1123 2134 haec
1152 2098 1311 2134 subiicit
1340 2099 1425 2145 ipse
1455 2100 1737 2148 Spaldingius:

324 2157 441 2201 ‚Erat
475 2165 624 2190 summa
665 2155 758 2190 mihi
797 2154 1043 2201 gratificandi
1084 2155 1265 2190 voluntas
1304 2155 1343 2190 in
1374 2155 1622 2200 Ruhnkenio‚
1651 2156 1737 2192 viro

322 2222 373 2255 „a
403 2211 532 2262 nobis,
561 2213 747 2255 quotquot
775 2220 844 2256 per
873 2211 1067 2255 Europam
1094 2212 1250 2245 veteres
1277 2211 1430 2246 Literas
1461 2211 1637 2258 colimus,
1667 2221 1738 2257 pro

327 2267 486 2312 „horum
526 2276 724 2301 sacrorum
762 2266 958 2309 antistite,
1007 2266 1242 2301 venerando.
1309 2266 1447 2311 Neque
1488 2267 1657 2301 minores
1698 2266 1735 2301 ei

235 2321 503 2368 195,.gratias
534 2322 670 2367 habes),
701 2322 798 2367 quod
831 2324 976 2356 tantum
1008 2321 1223 2356 concedere
1250 2321 1375 2356 voluit
1404 2321 1548 2357 homini
1578 2322 1738 2369 cognito

327 2387 401 2423 „ex
442 2377 678 2412 brevissima
715 2379 755 2412 in
786 2378 898 2413 docta
927 2377 1022 2412 urbe
1052 2369 1372 2423 commoratione3
1417 2377 1491 2413 etsi
1521 2380 1734 2422 temporum

324 2435 570 2485 >,nostrorum
592 2433 776 2478 iniquitas
806 2432 945 2468 invidit
971 2432 1064 2469 mihi
1091 2434 1209 2469 hasce
1238 2443 1347 2481 opes,
1376 2432 1539 2468 laetiore
1563 2434 1737 2469 fortasse

326 2488 534 2535 „Europae
565 2490 721 2525 fortuna
751 2487 1036 2535 usurpandas.“
1456 2508 1466 2523 t

441 2543 614 2580 Secutus
644 2548 704 2580 est
732 2555 857 2581 annus
887 2544 1055 2592 (1787.)
1087 2545 1360 2593 memorabilis,
1391 2544 1566 2590 partibus
1596 2544 1736 2591 quibus

327 2683 355 2723 ‘)
381 2684 434 2713 Ea
458 2692 538 2722 pars
563 2685 657 2716 edita
681 2689 734 2717 est
758 2688 801 2717 ab
827 2688 874 2717 Ιο.
903 2688 1063 2725 nossem,
1096 2686 1206 2726 Lugd-
1231 2687 1268 2716 B.
1293 2694 1324 2717 a.
1349 2687 1445 2718 1823.
1485 2686 1515 2717 ῐΙ
1542 2687 1634 2718 Voll.
1661 2688 1732 2718 No-

372 2736 450 2759 vam
474 2730 638 2768 Appuleii
662 2731 851 2761 editionem
888 2740 967 2762 cum
992 2733 1144 2766 integris
1169 2730 1407 2770 Oudendorpii
1431 2733 1522 2763 notis
1561 2734 1628 2763 etc.
1670 2739 1734 2762 cu-

374 2774 464 2804 ravit
490 2772 532 2803 G.
559 2773 596 2803 F.
625 2775 850 2806 Hildehrand.
880 2777 976 2814 Lips.
1000 2786 1030 2806 n.
1058 2775 1158 2806 1542.
1191 2775 1264 2806 FR.
