1816 3233
637 192 942 237 —203—

87 262 168 299 Peg.
178 263 228 292 cd.
236 262 340 299 princ..

243 307 440 352 ubicunque
463 310 651 342 terrarum
671 309 874 352 (gentium)
898 309 1007 341 erant
1022 305 1172 350 (sant),
1196 305 1357 339 literatis
1378 304 1491 338 homi-

244 352 357 392 nibus.
406 353 457 387 Cf.
486 355 530 387 ad
554 364 632 396 pag.
656 356 691 394 2,
715 354 768 387 16.

87 396 263 436 233.vs.l.
288 398 468 440 infinitum
502 402 561 433 sit.
614 401 780 433 Usitatius
816 402 870 432 est
905 406 992 431 sane
1026 397 1206 440 infinitum
1241 398 1305 430 est.
1358 395 1411 428 Cf.
1447 395 1491 427 ad

245 442 299 481 68,
323 444 356 476 4.

105 501 142 507 -
174 488 259 518 -2.
283 491 521 530 epistolarum
552 491 778 523 consuetudo.
826 490 877 521 De
908 490 1118 522 commercio
1153 489 1411 530 epistolarum,
1448 485 1492 519 de

245 543 312 575 quo
336 536 394 567 hic
416 538 551 576 agitur,
583 536 743 567 nonnulli
765 535 965 575 intelligunt
989 537 1090 566 etiam
1118 534 1300 566 Ciceronis
1325 533 1432 564 verba
1455 533 1492 563 in

246 581 347 619 epist.
373 581 415 619 ad
438 581 538 620 Fam.
563 581 659 619 xlv,
683 580 738 612 13.
764 590 816 621 pr.
850 589 922 612 uon
947 581 1049 612 modo
1072 581 1172 611 certa
1196 588 1255 611 res
1280 579 1406 620 nulla,
1432 576 1493 608 sed

243 633 288 656 ne
308 634 422 666 genus
445 627 586 667 quidem
610 627 801 658 literarum
825 625 986 658 veniebat
1010 627 1044 657 in
1065 626 1225 656 mentem.
1265 624 1379 656 Unam
1401 624 1492 654 enim

242 671 388 710 partem
412 672 448 702 et
468 672 756 713 cousuetudinem
781 680 906 704 earum
931 670 1190 711 epistolarum,
1215 669 1339 711 quibus
1363 677 1492 700 secun-

242 714 300 746 dis
329 715 435 747 rebus
473 716 528 747 uti
561 716 781 759 solebamus,
817 718 955 756 tempus
993 716 1182 756 eripuerat
1214 713 1494 755 perfeceratque

242 759 420 804 fortuna,
452 770 496 792 ne
519 762 604 802 quid
629 762 702 793 tale
725 762 879 794 scribere
901 769 1040 801 possem
1063 761 1129 792 aut
1151 761 1293 791 omnino
1317 760 1492 799 coyitare.

244 803 531 846 Relinquebatur
554 808 657 838 triste
680 807 859 848 quoddam
883 807 917 838 et
939 807 1107 839 miserum
1132 808 1199 836 etc.
1232 805 1292 835 sed
1324 805 1408 835 haec
1438 804 1493 833 fa-

247 850 314 882 cile
338 851 437 883 vides
463 852 526 883 huc
549 852 676 884 referri
702 860 770 884 non
795 860 910 892 posse.
959 850 1035 882 Vid.
1059 851 1187 882 Krebs.
1212 851 1236 881 1.
1262 850 1284 881 l.
1310 858 1388 890 pag.
1413 848 1492 879 226.

107 921 143 928 -
174 921 209 928 --·
228 905 281 937 15.
305 908 560 947 provectiores.
608 907 684 938 Non
707 907 948 947 intelliguntur
971 908 1005 938 h.
1029 908 1051 938 l.
1083 907 1204 939 aetate
1231 907 1492 947 provectiores,

243 953 337 983 natu
359 953 575 993 yrandz'ores
607 951 667 992 (cf.
693 952 735 984 ad
760 960 838 992 pag.
862 952 946 991 122,
969 951 1060 992 20),
1095 953 1158 982 sed
1190 952 1250 993 qui
1272 952 1357 991 plus
1382 951 1421 980 in
1445 950 1493 980 li-

247 998 334 1028 teris
356 999 593 1040 profecerant
614 998 671 1029 vel
695 999 848 1029 maiores
872 999 910 1029 in
926 997 1054 1029 studiis
1077 1005 1294 1036 prostremus
1316 995 1492 1036 fecerant.

246 1042 364 1082 ltaque
388 1045 442 1083 sic
465 1044 542 1075 fere
565 1043 786 1075 scribendum
811 1047 906 1074 erat:
932 1051 993 1074 eos
1015 1044 1078 1084 qut
1098 1044 1181 1084 plus
1205 1043 1242 1073 in
1265 1042 1381 1073 literis
1403 1048 1496 1081 pro·

244 1088 418 1129 fecissent
440 1093 506 1121 etc.

106 1146 144 1154 -
175 1132 284 1164 -18.
306 1135 431 1174 prouti
461 1134 769 1166 Hemsterhusz‘um
797 1134 999 1174 factitasse.
1052 1133 1161 1164 Immo
1193 1133 1236 1164 ut
1272 1130 1409 1171 (sicut)
1450 1129 1493 1162 H.

245 1178 337 1218 fact.
368 1179 448 1211 Vid.
473 1180 515 1211 ad
540 1180 602 1219 55,
626 1179 659 1210 2.

86 1220 206 1253 234.-
225 1223 259 1254 2.
284 1224 439 1256 eiusdem
468 1225 525 1256 vel
556 1225 710 1256 alterius
738 1223 919 1256 Auctoris.
974 1225 1083 1255 Immo
1122 1223 1276 1255 eiusdem
1313 1223 1369 1252 vel
1401 1221 1495 1252 alius

246 1268 428 1300 Auctoris.
493 1270 569 1301 Non
610 1270 718 1300 semel
758 1270 824 1301 hoc
864 1277 1056 1309 pronomen
1091 1276 1275 1308 perperam
1313 1268 1497 1305 usurpavit

243 1314 385 1356 wyte,
421 1322 465 1346 eo
491 1315 679 1354 deceptus,
704 1317 740 1345 ut
764 1316 907 1354 opinor,
939 1315 1029 1354 quod
1055 1315 1152 1345 alter
1177 1314 1291 1344 multis
1315 1312 1497 1342 videbatur

243 1359 332 1390 idem
358 1367 441 1391 esse
466 1360 557 1400 quod
573 1360 677 1391 ‘alius
700 1361 792 1401 quis.
839 1361 889 1391 At
913 1361 1009 1391 alter
1034 1360 1088 1390 uhi
1112 1361 1164 1390 sic
1189 1360 1320 1390 dictum
1345 1357 1495 1399 videtur,

245 1412 315 1435 non
339 1406 456 1445 signif.
480 1404 608 1446 z'rgsend
633 1406 689 1436 ein
712 1405 870 1437 anderer
882 1428 895 1447 ,
924 1406 984 1437 sed
1009 1407 1126 1444 potius
1150 1405 1216 1435 der
1239 1403 1382 1434 Andere
1395 1425 1406 1444 >
1431 1402 1496 1433 der

246 1448 424 1492 Na’cltste,
449 1454 484 1482 et
507 1451 715 1482 substantivi
739 1451 815 1482 sere
841 1453 953 1482 vicem
980 1451 1124 1482 obtinet.
1162 1449 1215 1481 Cf.
1234 1451 1335 1480 etiam
1359 1448 1495 1487 Zumpt.

245 1494 306 1525 Gr.
332 1494 370 1525 1..
397 1496 431 1534 S.
454 1495 530 1527 141.

109 1550 144 1577 ⁴„—
173 1554 211 1560 —
229 1538 284 1570 10.
309 1541 436 1580 sponte
459 1550 539 1573 sua.
587 1541 759 1573 Usitatior
783 1544 838 1572 est
861 1541 951 1580 apud
978 1539 1185 1573 Ciceronem
1217 1539 1404 1572 collocatio
1427 1547 1496 1569 sua

248 1586 398 1627 sponte3
422 1587 465 1618 cf.
493 1589 608 1618 tamen
632 1587 674 1618 de
700 1586 838 1619 Invent.
864 1586 910 1617 Il.
934 1588 966 1626 5.
990 1586 1047 1618 80.
1073 1594 1137 1625 pro
1164 1587 1280 1617 Sestio
1304 1585 1337 1624 S.
1364 1584 1437 1615 100.
1464 1591 1494 1615 c.

246 1630 323 1661 adn.
349 1631 519 1663 Matthiae
550 1632 638 1673 (Liv.
664 1632 725 1671 10,
747 1632 809 1672 25,
836 1631 905 1672 12.)
940 1636 974 1664 et
1006 1632 1075 1663 vid.
1100 1632 1249 1673 Madvig.
1280 1630 1322 1662 ad
1348 1629 1421 1661 Cic.
1453 1629 1495 1660 de

244 1675 321 1707 Fin.
347 1677 389 1715 V,
413 1677 468 1714 17,
492 1677 547 1708 46.
575 1685 653 1718 pag.
668 1676 760 1709 3701.

87 1720 208 1751 236.—
223 1720 256 1751 2.
283 1722 322 1751 z’n
353 1722 466 1754 lucem
498 1723 612 1754 edere.
660 1723 781 1753 Potius
813 1725 870 1754 est
899 1722 1028 1761 eslere,
1066 1723 1206 1753 omissis
1240 1722 1394 1761 reliquis.
1442 1717 1496 1751 cf.

246 1766 376 1798 Krebs.
402 1768 516 1799 Antib.
542 1776 624 1808 pag.
649 1768 725 1799 475.

106 1827 143 1833 -
173 1811 257 1842 —‚4.
283 1811 444 1844 abortus.
489 1815 548 1844 Sic
571 1816 673 1845 etiam
697 1814 787 1853 apud
812 1813 900 1844 Pliu.
925 1814 966 1844 H.
982 1813 1023 1844 N.
1051 1813 1198 1852 praefat.
1224 1813 1257 1852 §-
1271 1812 1327 1842 28.
1348 1811 1498 1842 abortus

244 1857 370 1887 dicitur
396 1859 522 1889 tralata
545 1859 664 1899 signif.
761 1869 766 1873 ·

112 1915 143 1933 -·.
173 1917 209 1931 -ε-
227 1903 260 1933 6.
283 1900 448 1943 inficetas
469 1904 560 1935 istas
583 1904 704 1944 dapes.
753 1903 822 1934 Pro
846 1903 997 1945 dapibus
1021 1905 1177 1936 scribere
1200 1903 1317 1942 Wytt.
1351 1901 1497 1932 debebat

242 1947 397 1989 epulas,
428 1957 539 1979 escas·
577 1949 622 1980 cf.
647 1949 688 1979 ad
714 1948 775 1988 7⁷7,
809 1948 861 1979 15.
911 1950 983 1979 Nec
1008 1958 1094 1980 vero
1119 1947 1283 1989 inficetas
1309 1947 1421 1987 epulis
1446 1948 1497 1976 ci-

246 1993 343 2022 bisve
368 1995 586 2024 conveniens
613 1997 670 2024 est
693 1994 890 2033 epitheton,
922 1995 983 2024 sed
1016 1995 1196 2031 z‘usulsus;
1231 2000 1439 2033 quamquam
1463 1992 1497 2022 h.

243 2038 266 2068 l.
293 2041 436 2077 propter
467 2047 509 2069 ea
542 2047 629 2079 quae
661 2038 876 2070 antecedunt
908 2041 1020 2076 magis
1053 2042 1156 2070 etiam
1189 2040 1306 2078 placet
1336 2038 1498 2069 incoctus

244 2084 268 2113 i.
293 2091 325 2114 e.
353 2091 421 2115 non
448 2086 582 2125 coctus,
608 2093 675 2124 quo
701 2092 810 2115 sensu
835 2084 919 2115 dixit
944 2084 1056 2115 Plaut.
1082 2085 1155 2115 Mil.
1182 2085 1236 2115 Gl.
1260 2085 1303 2124 11,
1326 2083 1359 2124 2,
1382 2084 1437 2114 53.

88 2137 208 2170 237.-
225 2137 256 2168 2.
280 2139 502 2180 profusione.
549 2140 671 2171 Potius
696 2137 890 2182 effusione.‚·
927 2148 1132 2181 quamquam
1167 2149 1237 2173 non
1269 2147 1414 2181 prorsus
1437 2147 1498 2172 re-

242 2184 430 2215 iiciendum
454 2188 511 2216 est
535 2186 698 2217 alterum.

105 2255 144 2262 —
174 2256 211 2262 —
231 2239 284 2271 10.
308 2241 500 2281 postquam
524 2258 565 2262 —-
590 2242 786 2274 edidissem.
824 2243 1020 2273 Rarissima
1045 2243 1129 2274 haec
1154 2244 1331 2274 structura
1355 2243 1409 2271 est
1433 2249 1498 2273 neo

244 2293 332 2316 vero
362 2286 546 2327 imitanda,
586 2296 688 2328 quum
721 2289 767 2317 sit
799 2288 1012 2326 verisimile,
1048 2290 1083 2318 in
1116 2288 1168 2318 eis
1206 2289 1314 2327 locis,
1353 2287 1407 2317 ubi
1446 2289 1497 2319 sic

243 2332 410 2370 scriptum
435 2332 581 2372 legitur,
616 2334 741 2373 postea
767 2342 873 2374 quum
898 2333 1000 2363 alteri
1023 2334 1257 2374 posteaquam
1283 2333 1497 2364 substituen-

245 2376 323 2407 dum
357 2384 450 2407 esse.
497 2378 642 2409 interim
677 2379 754 2408 vide
786 2378 926 2418 Zumpt.
959 2378 1020 2408 Gr.
1056 2379 1093 2408 1..
1128 2380 1160 2418 S.
1187 2378 1264 2409 507.
1283 2379 1313 2409 b.
1339 2382 1430 2410 extr.
1463 2379 1498 2411 et

243 2423 341 2453 cuius
366 2423 445 2453 mihi
470 2425 580 2463 magis
606 2423 774 2463 probatur
798 2425 985 2462 sententia,
1011 2423 1183 2465 Krueger.
1210 2424 1242 2463 S.
1269 2423 1345 2454 637.
1373 2422 1422 2464 6).

85 2476 206 2509 238-
222 2477 277 2509 20.
302 2487 354 2518 sq.
377 2480 505 2509 vocent
541 2487 604 2510 nec
635 2479 796 2510 dubitent
828 2497 868 2502 —-
902 2479 1105 2511 videantur.
1166 2481 1365 2512 Latinitatis
1405 2480 1497 2512 ratio

245 2523 440 2562 imperfecti
466 2526 708 2554 coniunctivos
735 2525 899 2563 postulat.

86 2567 205 2600 240.-
222 2569 255 2599 3.
290 2569 420 2600 Versus
442 2568 566 2609 facere
590 2571 762 2602 neminem
786 2570 1015 2602 hortabatur.
1065 2571 1119 2601 De
1145 2571 1210 2602 hac
1230 2574 1412 2604 structura
1433 2580 1497 2603 su—

245 2622 309 2653 pra
332 2614 480 2644 diximus
504 2615 546 2646 ad
572 2615 646 2653 113,
672 2615 702 2645 1.

85 2657 207 2690 241.—
224 2659 280 2690 20.
303 2669 326 2690 a
351 2661 472 2700 prima
497 2660 578 2691 inde
599 2661 771 2700 pueritia.
819 2660 926 2691 Immo
961 2661 1032 2691 iam
1066 2661 1147 2691 inde
1180 2671 1203 2692 a
1225 2670 1284 2701 pr.
1309 2671 1410 2702 puer.
1449 2663 1494 2694 cf.

246 2704 289 2734 ad
313 2703 394 2742 215,
419 2706 450 2735 9.
500 2705 554 2736 De
578 2706 746 2736 continuo
771 2713 850 2736 mox
875 2704 963 2746 (22.)
989 2715 1039 2746 sq.
1065 2706 1108 2737 cf.
1134 2707 1176 2737 ad
1203 2706 1280 2745 185,
1303 2707 1336 2738 2.

84 2748 279 2787 242.-14.
303 2749 486 2782 rectrices.
542 2750 695 2782 Rectrz'oe
732 2751 862 2790 legitur
899 2751 988 2790 apud
1020 2753 1211 2789 senecam,
1238 2752 1495 2794 Columellam,

240 2794 409 2835 Plinium;
442 2794 626 2829 Ciceronis
651 2800 734 2829 sunt
757 2796 1005 2839 moderatrioe,
1028 2797 1404 2850 yuberuatv·toe2.d⁴uae.
