1816 3233
630 253 683 259 —
746 229 827 270 179
886 250 941 258 -

75 299 158 335 Pag.
168 299 217 328 ed.
227 299 326 333 print.

74 341 255 374 61.vs.23‚
281 350 352 373 non
376 341 500 374 obesae
524 344 640 374 naris.
688 343 766 373 vid.
795 341 923 373 Krebs.
949 342 1065 373 Antib.
1091 341 1259 382 pag-513.
1308 340 1408 380 Quod
1433 349 1496 373 se-

211 388 327 426 quitur
351 395 477 418 recens
501 388 568 417 etsi
593 391 647 418 est
672 395 760 418 sane
777 388 913 418 Latinis
938 395 1006 417 non
1034 389 1236 418 inusitatum
1260 387 1494 427 scriptoribus

214 435 251 462 et
282 433 395 471 poetis
427 432 709 473 concedendum,
750 434 852 463 vitari
893 437 1009 462 tamen
1049 432 1154 463 facile
1196 435 1356 471 poterat,
1391 440 1495 472 quum

212 477 331 516 Ws'ytt.
357 477 505 508 liaberet
530 479 652 517 quibus
679 482 858 517 uteretur,
889 477 1016 518 modo,
1041 485 1158 516 nuper
1182 478 1398 519 admodum,
1422 486 1495 507 nu-

211 523 381 561 perrime.
430 523 477 553 cf.
504 523 595 553 iufra
626 522 668 553 ad
699 522 775 561 112,
802 521 854 552 11.
886 521 971 560 113,
1000 521 1051 551 17.
1100 520 1208 552 Certe
1234 523 1300 553 lioc
1325 522 1404 552 adv.
1429 530 1496 552 ne-

212 575 278 605 que
303 566 467 598 Ciceroni
500 567 630 606 placuit
662 576 774 606 neque
800 566 965 604 Caesari3
999 566 1090 604 quod
1131 575 1234 605 quum
1266 570 1496 605 usurpassent

211 612 449 650 antiquiores,
490 613 694 650 quibuscum
732 613 818 642 facit
849 612 1035 648 Sallustius
1075 610 1231 650 (Fragm.
1263 612 1319 643 lib.
1352 612 1413 643 1V.
1452 611 1496 642 dc

210 664 339 696 pecore
361 657 464 687 coria
488 665 613 687 recens
632 655 828 694 detracta.)
853 657 895 687 ab
920 658 962 686 iis
988 656 1138 692 demum,
1163 659 1218 696 qui
1245 661 1321 696 post
1341 657 1496 697 Augusti

213 702 295 739 imp.
321 704 475 732 aetatem
500 702 722 738 scriberent,
752 703 953 733 restitutum
979 705 1034 732 est
1057 709 1099 731 ae
1123 702 1392 741 frequentatum.
1441 701 1496 732 Cf.

212 744 341 776 Krebs.
375 745 396 775 Ι.
428 745 450 776 l.
483 753 562 784 pag.
588 747 666 776 677.
720 746 788 778 sed
821 747 863 778 ab
895 747 1011 777 altero
1042 746 1216 778 adverbio
1246 749 1412 779 recenter
1442 750 1497 777 est

216 798 364 829 prorsus
388 790 646 822 abstinendum.

77 833 182 866 62.—
199 834 232 866 1.
256 835 368 866 veluti
391 837 538 876 quidam
560 837 732 868 sanitatis
755 836 856 867 odor.
893 836 971 866 Vid.
991 837 1069 867 adn.
1092 845 1134 867 m.
1155 836 1198 867 ad
1217 838 1345 867 Mutet.
1371 835 1451 867 Vol.
1468 836 1495 866 1.

213 888 291 920 pag.
319 878 395 910 134.

81 940 118 948 —
137 940 175 947 —
193 924 223 956 6.
250 925 441 957 titulorum
467 925 669 957 ambitione.
717 926 813 956 Malo
838 926 1029 956 titulorum
1050 926 1194 967 etiaim,
1218 926 1418 966 cupiditate
1441 925 1496 955 vel

216 971 463 1008 contentivam
500 972 587 1001 baud
612 979 717 1002 secus
743 972 833 1001 enim
865 970 907 1001 de
940 971 1002 1001 hae
1033 971 1236 1010 loquutione
1270 970 1497 1001 statuendum

214 1017 269 1046 est
291 1022 335 1045 ac
357 1016 387 1045 si
413 1015 640 1047 ambitionem
664 1017 805 1056 istoriae
830 1015 872 1045 de
898 1016 1089 1047 cnnbitione
1116 1016 1174 1046 vel
1192 1015 1235 1047 de
1257 1015 1400 1055 ‚alariae
1415 1016 1496 1046 stu-

212 1059 272 1091 dio
297 1060 406 1091 dicas.
455 1061 492 1092 ln
515 1063 558 1091 iis
582 1069 671 1100 qnae
696 1062 814 1092 statim
838 1065 1030 1101 sequuntur
1056 1062 1211 1091 sortasse
1236 1061 1341 1091 malis
1355 1068 1497 1101 aequa-

213 1105 377 1146 litatem,
406 1107 536 1137 omisso
565 1107 738 1145 genitivo.
788 1107 922 1136 Etenim
949 1114 1037 1144 quae
1066 1109 1119 1136 est
1146 1106 1388 1146 voluntatum,
1412 1108 1495 1135 stu-

215 1149 360 1189 diorum,
383 1152 640 1182 sententiarum
666 1153 876 1193 consensio,
909 1160 950 1183 ea
976 1151 1184 1190 simpliciter
1209 1150 1277 1181 dici
1312 1151 1407 1181 solet
1431 1159 1496 1181 ae·-

217 1196 390 1234 quatita&

82 1254 121 1261 —
142 1238 252 1270 -10.
278 1239 449 1279 amplias.
500 1240 609 1272 Immo
639 1241 722 1271 iam.
778 1240 861 1271 Vid.
892 1241 973 1271 adn.
1005 1248 1083 1271 mea
1113 1240 1155 1271 ad
1188 1241 1320 1271 Muret.
1354 1239 1434 1271 Vol.
1468 1238 1496 1269 1.

215 1291 297 1324 pag.
325 1284 400 1315 127.

83 1345 120 1352 —
141 1345 177 1352 —
196 1327 252 1360 13.
277 1331 566 1369 conyruentiam.
615 1331 756 1361 Rariori
791 1331 965 1361 vocabulo
997 1330 1102 1361 facile
1133 1330 1263 1362 licebat
1293 1328 1388 1360 aliud
1413 1329 1498 1360 sub-

217 1376 383 1405 sumere:
407 1375 706 1407 convenientimn.

81 1420 180 1451 63.-
195 1420 227 1450 3.
256 1419 469 1452 Conrector.
519 1420 597 1452 Vid-
623 1420 665 1452 ad
692 1422 819 1452 Mutet.
845 1421 924 1452 Vol.
951 1420 978 1452 l.
1006 1420 1172 1461 pag.288.
1220 1420 1349 1451 Krebs.
1376 1419 1496 1451 Antib.

218 1473 296 1505 pag.
321 1465 399 1497 241.

86 1527 122 1533 —
142 1511 228 1541 —5.
259 1509 497 1542 luculentiore
528 1511 661 1542 reditu.
716 1511 959 1543 Luculentum
996 1512 1270 1550 patrimonium,
1312 1509 1499 1541 luculenta

217 1554 406 1593 heredium,
431 1557 639 1588 luculentae
656 1556 814 1597 divitiae,
837 1558 1025 1588 luculenta
1051 1557 1205 1588 conditio
1231 1562 1266 1587 et
1290 1556 1359 1586 alia
1378 1556 1500 1585 liuius-

221 1602 314 1631 modi
350 1602 618 1641 frequentantur
660 1603 744 1638 apud
784 1603 986 1633 Latinorum
1031 1603 1299 1642 probatissimos
1343 1606 1499 1640 quosque

220 1647 428 1685 scriptores.
477 1646 765 1677 LINDEMANN.
813 1646 866 1678 Cf.
897 1648 992 1677 infra
1022 1655 1101 1686 pag.
1130 1646 1205 1677 112.
1240 1649 1329 1677 extr.
1362 1645 1439 1682 185,
1463 1644 1496 1674 7.

216 1690 280 1721 Est
305 1694 397 1721 enim
429 1691 653 1722 luculentum
683 1692 774 1723 idem
806 1693 895 1732 quod
929 1692 1117 1732 probabile
1128 1714 1140 1733 ,
1183 1700 1260 1723 was
1290 1691 1364 1721 sich
1394 1690 1500 1720 sehen

218 1736 340 1766 las-sen
370 1736 494 1776 laum,
535 1737 609 1766 sicli
642 1738 737 1768 nicht
769 1746 811 1767 zu
838 1737 1092 1776 verkrieclien,
1130 1738 1226 1767 nicht
1263 1745 1308 1767 zu
1332 1733 1500 1766 schiimeu

221 1781 380 1821 branclit,
406 1781 496 1820 quod
522 1781 622 1811 nobis
649 1790 758 1820 saepe
783 1783 911 1814 dicitur
941 1783 1139 1822 ansta‘ntliq
1164 1783 1222 1812 vel
1248 1780 1398 1811 hiibsclt:
1432 1785 1501 1818 qua

220 1825 342 1856 eadem
366 1825 630 1865 significatione
653 1829 756 1857 etiun
782 1827 970 1858 honestum
995 1832 1193 1865 usurpatur.
1232 1827 1284 1856 Ex
1303 1824 1418 1856 mullis
1435 1831 1501 1853 ve-

222 1874 333 1901 terum
356 1871 447 1913 locis
473 1871 563 1901 hunc
589 1880 690 1902 unum
716 1872 871 1903 sufficiat
902 1872 1094 1911 protulisse
1118 1872 1293 1902 xairouis
1317 1871 1359 1901 R.
1384 1870 1427 1900 R
1452 1867 1500 1909 II,

219 1915 252 1945 6.
279 1915 322 1946 de
348 1916 475 1946 asinis.
512 1915 711 1947 Videndum
740 1918 781 1948 ut
809 1919 932 1948 sumat
952 1916 1100 1957 fir-mm,
1142 1916 1303 1947 omnibus
1332 1922 1405 1954 par
1409 1912 1502 1944 tibus

223 1960 387 1991 honestos
411 1960 610 2001 (ln'ibsclz),
635 1970 788 2001 corpore
812 1963 946 2000 amplo.
979 1977 1011 1981 —
1040 1961 1078 1991 In
1097 1963 1147 1991 eis
1173 1968 1262 2000 quae
1279 1961 1399 1990 statim
1416 1957 1502 1988 sub-

219 2007 412 2044 iunguntur
442 2005 544 2036 facile
575 2013 748 2046 agnoscas
785 2007 989 2037 liberiorem
1026 2009 1061 2036 et
1091 2005 1264 2036 Graecam
1295 2007 1501 2035 structurae

220 2052 412 2082 rationem.
436 2051 617 2090 pteris-que
645 2068 680 2072 —
697 2043 898 2091 catherius,
924 2052 944 2080 i.
962 2059 992 2081 e.
1017 2058 1126 2090 (sitam
1149 2051 1230 2090 pler
1233 2058 1344 2089 aeque
1372 2065 1407 2070 —
1434 2056 1502 2078 ca-

223 2096 328 2126 tleedi
330 2104 372 2126 ae
397 2093 459 2134 (fr
462 2095 601 2126 uantur
603 2095 636 2133 .)
686 2096 854 2126 Herodot.
874 2096 915 2132 ll,
942 2095 1014 2126 134.
1043 2094 1235 2138 ΙΙιοαμίδα
1260 2093 1294 2124 δὲ
1321 2092 1378 2124 καὶ
1402 2087 1503 2126 οὗτος

223 2138 304 2180 (Ma
307 2138 447 2183 κερῖιος)
471 2137 658 2170 ἀπελίπετο
684 2139 810 2171 πο)1.ὸι
834 2139 860 2170 ἕ
856 2138 960 2171 ’.άσοω
985 2140 1046 2171 τοῦ
1071 2139 1202 2181 πατρός
1230 2136 1407 2179 (Χέοπος)
1431 2146 1503 2176 711!-

221 2183 402 2216 rmnidem
425 2184 573 2224 reliquit
605 2185 716 2215 multo
741 2187 915 2216 minorem
937 2187 1057 2225 patra
1099 2185 1189 2223 quod
1216 2193 1282 2215 nou
1307 2187 1362 2214 est
1385 2185 1503 2212 mino-

221 2237 299 2261 rem
322 2237 431 2270 quam
453 2230 562 2270 pater
582 2229 677 2270 fuit,
709 2231 784 2270 sed,
807 2239 918 2270 quam
940 2231 1048 2270 pater
1072 2231 1223 2269 reliquit
1248 2229 1306 2259 vel
1330 2229 1505 2257 minorem

222 2275 413 2316 pyramide
438 2284 462 2305 a
483 2275 594 2315 putre
618 2274 763 2305 relicta.
812 2275 883 2306 Nec
909 2284 995 2305 vero
1021 2276 1050 2304 ll.
1070 2275 1093 2304 l.
1117 2275 1298 2315 plerisque
1321 2272 1504 2303 cathedris

224 2319 356 2350 resolvi
380 2323 496 2359 potest
520 2326 628 2360 quam
652 2321 737 2350 sunt
759 2320 951 2360 pleraeque
977 2320 1194 2355 cathedram
1220 2320 1288 2348 nisi
1313 2318 1405 2348 forle
1429 2324 1504 2347 ma-

224 2365 270 2395 lis
295 2371 368 2395 rem
394 2365 506 2402 ipsam
540 2373 603 2403 pro
629 2366 679 2394 rei
703 2365 889 2405 attributo,
926 2364 1016 2403 quod
1043 2369 1192 2401 vocant,
1231 2365 1379 2401 positam
1408 2362 1503 2392 iudi-

225 2417 328 2449 care,
364 2410 415 2440 ita
446 2413 482 2440 ut
517 2409 715 2440 cathedrae
745 2417 807 2448 pro
841 2409 961 2440 reditu
991 2409 1252 2440 cathedrarum
1282 2408 1351 2439 dici
1383 2408 1506 2437 existi-

228 2459 386 2485 mentur:
418 2463 505 2492 quae
530 2455 622 2484 ratio
655 2458 691 2484 ut
717 2458 773 2485 est
798 2453 943 2485 Graecis
968 2456 1099 2492 pariter
1125 2461 1167 2484 ac
1191 2453 1328 2483 Latinis
1353 2453 1505 2491 scripto-

223 2501 320 2531 ribus
348 2500 598 2537 usitatissima‚
635 2500 686 2528 sic
711 2498 880 2530 Herodoti
906 2499 986 2529 loco
1012 2499 1177 2529 facillime
1202 2497 1504 2529 accommodatur.

224 2545 306 2576 Vid.
340 2552 427 2584 quae
452 2544 626 2583 adscripsi
659 2544 699 2574 ad
725 2543 882 2574 Gronow
909 2543 1109 2575 observ-att.
1143 2544 1203 2576 lV.
1234 2551 1312 2584 pag.
1337 2542 1414 2573 402.
1448 2541 1504 2573 ed.

225 2597 338 2621 meae.

93 2651 131 2662 --
151 2651 190 2660 --
205 2634 260 2667 17.
283 2634 523 2676 praefectura
547 2633 590 2664 de
615 2640 700 2664 cura
723 2633 779 2663 vel
804 2633 1062 2673 gubernatione
1091 2634 1126 2663 in
1152 2632 1314 2674 singulos
1337 2633 1392 2663 est
1415 2631 1505 2671 apud

225 2680 370 2710 Plinium
396 2680 484 2710 nist.
511 2679 589 2709 Nat.
620 2677 790 2716 xxviii,
823 2679 856 2708 5.
905 2678 1186 2709 LanEMANN.
1236 2677 1312 2708 lllic
1341 2677 1506 2716 leguntur

226 2726 331 2756 haec:
370 2724 548 2756 Lucullus
578 2724 671 2755 hanc
695 2723 737 2754 de
760 2731 797 2753 se
828 2722 1107 2762 praefecturam
1136 2731 1240 2755 servo
1269 2722 1433 2753 dederat.
1462 2737 1508 2744 —-

227 2769 335 2801 Paulo
360 2772 442 2809 post
465 2777 520 2802 vs.
544 2768 603 2802 20.
626 2767 831 2811 praestabat
855 2769 1030 2811 alliqaret
1054 2777 1132 2801 cum
1155 2769 1204 2800 ad
1227 2775 1388 2809 praepos.
1415 2773 1506 2798 con-

230 2817 384 2848 struere.
1188 2855 1240 2896 2*
