1833 3237
881 167 1153 214 ,πῃ

719 261 732 275 1

300 291 434 338 ptatio,
485 291 638 338 publice
669 291 819 336 agitata
859 291 1062 326 contrariis
1094 289 1385 335 scriptionibus,
1430 290 1707 325 interresserat

298 360 384 384 cum
404 348 624 384 Christiano
642 345 824 391 Adolpho
845 347 1015 393 Klotzio,
1043 346 1108 392 qui
1136 357 1183 381 ea
1202 355 1389 392 germana
1413 356 1503 381 esse
1529 355 1706 393 negave-

258 440 264 445 ,
298 408 370 439 rat.
407 404 689 439 Intercesserat
714 401 788 437 iam
809 406 923 438 antea
943 404 1045 438 inter
1068 405 1242 448 patruum
1262 403 1443 436 Ioannem
1468 401 1702 437 Michaelem

299 459 588 504 Heusingerum
620 457 815 494 dissensio
847 463 1055 503 mutuaque
1085 457 1337 504 reprehensio
1369 460 1403 491 et
1436 457 1725 504 Augustinum>a

297 517 553 551 Staverenum
586 514 752 559 Nepotis
783 515 982 561 editorem,
1015 513 1219 560 Gymnasii
1250 513 1576 560 Lugdunobatavi
1619 514 1704 548 Re-

297 573 454 614 ctorem,
486 570 719 606 Ruhnkenio
750 580 799 605 ex
828 571 892 606 illa
931 571 1127 606 hominum
1158 569 1486 606 Scholasticorum
1518 568 1706 603 offensio-

298 636 346 660 ne
376 626 608 677 subiratum,
649 626 714 671 qui
747 636 790 661 se
821 626 910 661 item
942 626 1112 661 doctoris
1146 624 1349 660 umbratici
1389 624 1543 659 nomine
1572 623 1695 670 signi—

296 681 407 716 ficari
435 678 682 729 crederet.*]
724 683 784 717 Ita
805 682 1078 726 Ruhnkenius,
1111 682 1176 726 qui
1198 681 1528 727 Heusingeroruin
1550 679 1703 714 laudem

203 737 582 783 127amicitiamque
612 741 801 783 tueretur,
835 738 939 772 nulla
969 748 1040 772 sua
1070 737 1156 782 ipse
1187 736 1314 781 culpa,
1359 736 1602 770 inimicitiam
1630 735 1705 770 ad·
1762 782 1764 786 .

296 804 438 828 versus
477 805 520 829 sc
562 803 649 829 cum
687 797 859 828 veterem
892 793 1098 829 Stavcrcni
1137 791 1402 834 resuscitavit,
1445 794 1524 826 tum
1567 800 1703 826 novam

297 849 445 885 Klotzii
477 849 681 885 excitavit.
742 850 799 884 De
828 849 903 884 hac
933 849 1037 883 infra
1068 849 1187 883 verbo
1218 848 1405 883 dicemus,
1430 843 1488 894 **)

410 907 469 940 Ex
499 906 592 950 illis,
634 915 731 950 quos
764 905 860 951 dixi,
906 904 1031 939 tribus
1065 904 1215 939 Latinis
1247 903 1509 948 scriptoribus
1540 902 1702 948 primum

295 960 411 995 edere
443 961 665 996 destinabat
696 961 884 996 Rutilium
915 961 1086 1005 Lupum:
1117 960 1282 1005 eiusque
1312 969 1454 994 caussa
1483 959 1609 993 denuo
1641 959 1704 992 le-

293 1018 411 1063 gebat
432 1017 615 1052 Oratores
646 1020 683 1051 et
704 1018 895 1052 Rhetores
919 1018 1103 1052 Graecos.
1164 1016 1379 1050 Rhetorum
1398 1015 1582 1060 omnium,
1614 1023 1706 1048 cer-

295 1075 334 1106 te
354 1072 638 1118 plerorumque,
667 1083 738 1107 nec
760 1072 849 1107 dum
870 1067 1134 1116 seorsum***)
1160 1070 1363 1115 editorum,
1395 1069 1524 1104 adhuc
1544 1079 1620 1104 una
1645 1072 1706 1104 est

296 1127 416 1162 editio
439 1128 600 1176 Aldina,
632 1138 754 1173 eaque
785 1137 957 1175 perrara,
990 1130 1032 1162 ut
1061 1126 1197 1172 paucis
1228 1126 1268 1161 iu
1290 1125 1473 1171 publiciS,
1503 1124 1705 1170 paucissi-

295 1183 368 1218 mis
390 1183 570 1230 privatis,
604 1187 731 1220 exstet
755 1183 1018 1230 bibliothecis,
1050 1186 1089 1218 et
1106 1181 1429 1219 Hemsterhusius
1456 1182 1541 1216 eius
1566 1190 1699 1215 exem-

296 1239 413 1284 plum,
444 1240 582 1284 quovis
614 1240 739 1284 pretio
770 1250 898 1274 emere
921 1239 1084 1284 cupiens
1115 1249 1161 1274 ac
1191 1238 1323 1272 dedita
1352 1247 1468 1282 opera
1499 1246 1706 1282 quaerens,

294 1305 362 1341 per
392 1297 601 1343 sexaginta
632 1305 754 1330 annos
786 1295 891 1331 nullo
921 1296 959 1330 in
993 1295 1229 1340 bibliopolio,
1261 1294 1365 1329 nullo
1397 1293 1624 1338 cuiusquam
1663 1293 1701 1327 in

293 1352 487 1387 auctionis
528 1353 709 1398 catalogo
749 1352 1062 1397 deprehenderit.
1129 1350 1390 1387 Ruhnkcnius
1432 1350 1520 1395 duo,
1562 1349 1702 1394 quibus

295 1408 391 1443 baec
436 1408 553 1443 editio
610 1408 832 1443 continetur
884 1407 1102 1454 volumina,
1153 1417 1243 1442 rara
1290 1406 1499 1453 felicitate,
1550 1405 1704 1441 diverso

292 1467 498 1510 utrumque
537 1467 576 1499 et
605 1465 690 1500 loco
722 1468 760 1500 et
789 1467 975 1515 tempore,
1017 1463 1092 1499 sibi
1123 1464 1437 1508 comparaverat:
1479 1464 1518 1496 et
1547 1461 1702 1508 librum,

293 1524 337 1555 ut
367 1531 492 1568 suum,
525 1530 570 1555 eo
597 1521 741 1556 maiore
771 1531 857 1556 cum
875 1521 953 1556 otio
984 1530 1031 1555 ac
1056 1519 1262 1566 diligentia
1282 1517 1487 1553 tractabat.
1546 1518 1704 1564 Legens

293 1577 498 1624 Apsinem,
530 1577 595 1621 qui
628 1587 727 1612 unus
759 1580 819 1612 est
848 1586 895 1610 ex
926 1576 1004 1611 illis
1029 1575 1284 1626 RhetoribuS,
1313 1573 1603 1621 animadvertit,
1634 1583 1701 1608 su-

295 1632 372 1667 bito
413 1643 457 1668 se
496 1632 536 1667 in
568 1633 681 1667 aliam
722 1633 935 1668 orationem.
974 1632 1163 1679 incidere,
1202 1630 1366 1666 similem
1406 1640 1491 1665 eam
1531 1629 1703 1677 Longini

294 1688 415 1723 multo
446 1688 522 1724 sibi
553 1699 626 1723 usu
659 1689 877 1736 cognitam:
907 1687 1037 1733 huiuS‚
1067 1691 1111 1724 ut
1138 1686 1401 1734 progreditur,
1431 1686 1487 1722 ita
1516 1682 1702 1731 deinceps

295 1754 396 1778 nova
425 1744 597 1791 vestigia
625 1744 893 1790 deprehendit,
932 1744 1060 1778 locum
1098 1744 1213 1778 etiam
1244 1743 1317 1777 sub
1350 1742 1520 1789 Longini
1549 1741 1704 1777 nomine

294 1802 546 1835 memoratum
593 1799 641 1834 ab
680 1799 826 1834 inedito
870 1799 1179 1834 commentatore
1224 1797 1414 1833 Aristidis
1434 1795 1495 1846 †)
1553 1799 1702 1832 Ioanne

293 1855 503 1891 Siceliota:
553 1855 699 1890 nullum
740 1865 853 1900 porro
899 1854 1055 1890 dubium
1103 1854 1417 1900 relinquebatur,
1467 1852 1562 1904 quin
1604 1852 1702 1888 baec

294 1917 402 1947 esset
433 1921 522 1956 pars
554 1912 600 1946 tle
630 1912 888 1956 Ιηυεηίίοηε,
919 1920 941 1944 e
971 1910 1121 1956 perdito
1179 1909 1351 1956 Longini
1381 1919 1497 1954 opere
1528 1909 1575 1943 de
1605 1907 1704 1944 Arte

294 1968 518 2003 Rhetorica.
588 1966 638 2003 Ut
676 1966 787 2012 vidit,
826 1965 880 2001 ita
919 1966 965 2000 ad
999 1965 1336 2001 Hemsterhusium
1386 1975 1499 2000 suum
1544 1964 1704 2016 volavit,

200 2026 370 2064 128non
411 2027 485 2059 tam
517 2022 602 2057 eius
634 2023 820 2058 iudicium
860 2022 1148 2067 exploraturus,
1196 2031 1310 2066 quam
1342 2031 1420 2056 rem
1462 2017 1704 2064 exploratam

296 2080 565 2114 nunciaturus.
622 2079 697 2114 Hic
725 2078 832 2122 item,
862 2081 902 2112 ut
933 2077 1057 2111 audiit
1086 2080 1123 2111 et
1147 2077 1270 2112 locum
1291 2076 1475 2122 inspexit,
1505 2076 1558 2111 ita
1576 2076 1702 2111 ratio-

295 2145 364 2172 nes
404 2134 629 2172 Ruhnkenii
669 2134 868 2180 probavit,
919 2142 1084 2177 eumque
1123 2133 1272 2167 monuit
1322 2136 1363 2168 ut
1406 2132 1522 2167 huius
1559 2132 1702 2167 inven-

293 2190 413 2226 tionis
453 2190 606 2226 laudem
647 2190 723 2226 sibi
763 2189 1001 2235 vindicaret,
1043 2188 1235 2224 mentione
1275 2198 1323 2223 ac
1362 2187 1500 2223 notitia
1540 2187 1626 2222 eius
1663 2187 1703 2222 in

341 2324 568 2362 illustravit,
592 2324 814 2363 praeterque
829 2323 1058 2362 scriptorum
1079 2322 1217 2363 aliquot
1231 2320 1390 2351 veterum
1407 2318 1704 2360 apospasnmlia,

338 2368 503 2399 Cornelii
534 2366 686 2407 Nepotis
717 2366 934 2406 fraumenta
971 2365 1290 2406 Guelpherbytana
1325 2373 1404 2396 cum
1441 2362 1704 2403 defensionibus·

338 2414 411 2444 suis
437 2413 572 2444 adiecit
597 2412 749 2442 lacubus
774 2412 988 2444 Frzderzcus
1015 2411 1229 2449 lleusc'nyer.
1278 2410 1448 2448 Luqduni
1474 2409 1703 2440 Batavorum

339 2458 439 2498 apud
465 2457 663 2488 Henricum
687 2456 858 2488 Mos-tert.
905 2464 1213 2488 emme-emim.
1262 2454 1543 2485 LlNDEMANN.

294 2527 323 2564 ‘)
348 2524 417 2555 vid
453 2532 557 2560 supra
582 2524 659 2555 adn.
686 2523 727 2554 ad
756 2532 834 2563 pag.
859 2524 917 2553 89.
944 2524 998 2556 ed.
1026 2532 1077 2562 pr.
1126 2524 1198 2554 FB.

293 2592 340 2628 ”J
367 2591 442 2621 vid.
472 2599 550 2630 pag.
580 2592 653 2622 159.
680 2600 730 2630 sq.
758 2591 810 2621 ed.
838 2598 889 2628 pr.
939 2591 1010 2621 Fu.

294 2657 353 2695 '“J
379 2658 432 2688 Cf.
456 2666 563 2695 supra
587 2666 665 2697 pag.
692 2658 747 2689 52.
774 2658 827 2689 cd.
852 2667 905 2697 pr.
929 2657 1002 2688 ΕΒ.

294 2725 337 2767 -j-)
362 2725 436 2754 Non
472 2723 661 2760 Aristidis,
709 2725 770 2753 sed
808 2725 1047 2766 Hermoyenis
1078 2726 1333 2754 commentator
1366 2723 1428 2753 t'uit
1457 2724 1614 2755 Ioanne-s
1644 2723 1707 2754 Si-

341 2768 480 2800 celiota.
530 2768 810 2799 LlNDEMANN.
