1816 3233
91 329 250 366 Studium
275 327 355 374 quid
378 334 426 365 sit
451 336 488 367 et
512 334 686 375 quomodo
711 337 886 367 excitetur
907 334 941 365 ¹7.
965 342 1018 376 sq.

89 381 279 454 Suetonius
296 378 360 454 (812.
383 378 463 410 221.
489 380 524 411 in
540 380 686 412 Sueton.
705 381 834 412 dictata
849 380 987 411 Ruhnk.
1015 377 1122 410 edidit
1137 379 1210 411 Iac.
1223 376 1312 410 Geel
1328 373 1403 410 110.
1417 375 1504 411 adn.

89 426 135 455 Su
153 427 272 454 tzerus

93 467 348 500 Tabernacula
373 469 469 500 vitae
492 469 529 500 z'n
553 469 604 500 al.
627 478 668 501 re
691 478 825 510 ponere
847 468 924 500 210.
951 472 986 501 et
1009 469 1088 500 adn.

91 513 243 554 Taylori
274 511 357 553 (lo.)
388 516 565 546 sententia
597 514 640 545 de
671 514 861 547 Andocidis
897 517 987 545 orat.
1029 517 1065 545 in
1097 513 1267 546 Alcibiad.
1307 522 1330 546 a
1364 512 1507 545 Ruhnk-

158 558 344 589 confutata
370 557 446 588 146.

90 602 257 642 Tempus,
279 605 417 633 sumtus
441 603 717 641 pretiosissimus
739 604 817 634 269.

91 646 282 678 'l'erentius
305 646 383 677 209.
402 647 488 678 adn.
513 648 590 678 238.
619 648 858 680 Terentianae
882 649 1025 680 scholae
1049 648 1247 680 Ruhnkenii
1274 647 1350 680 110.
1375 648 1504 679 dictata

157 691 298 722 Ruhnk.
329 693 364 722 in
398 692 541 723 Terent.
582 698 660 732 post
692 695 875 725 Brunsium
914 694 1021 725 edidit
1051 694 1187 725 Ludov.
1218 695 1380 732 Schopen
1419 691 1504 725 ibid.

159 736 246 767 adn.
291 735 368 767 Vid.
392 736 603 777 Pamphilus.

89 780 305 812 Theaetetus
328 781 416 820 apud
441 782 626 814 Platonem
647 783 726 814 218.

89 825 363 858 Themistoclem
387 827 650 859 adolescentem
675 829 832 860 dormire
864 838 933 860 non
964 829 1316 868 sinebataetmpaeum
1340 828 1506 859 Miltiadis

159 871 192 901 9.
217 872 291 902 eius
316 870 443 902 dictum
468 871 545 902 210.
571 873 657 903 adn.

89 914 302 946 Theocritus
328 915 404 945 121.
429 916 515 947 adn.
540 916 617 947 245.

45 964 47 966 ’
92 960 212 991 Theon
238 960 374 990 Rhetor
398 959 454 990 50.

89 1004 358 1045 Theophrastus
381 1004 463 1035 269.

91 1048 341 1088 Theopompus
364 1049 443 1080 236.
469 1049 555 1080 adn.

26 1133 30 1135 ¹
90 1092 330 1132 Thucydidem
363 1094 536 1125 Herodoti
570 1095 665 1126 fama
705 1096 746 1126 ad
790 1096 970 1127 historiam
1004 1096 1229 1128 scribendam
1267 1098 1443 1129 convertit
1473 1097 1506 1127 9.

159 1140 235 1169 eius
260 1139 389 1170 dictum
412 1139 469 1169 75.

92 1183 227 1215 Timaei
259 1183 417 1214 Lexicon
448 1183 666 1215 Platonicum
696 1182 752 1215 48.
785 1183 839 1215 51.
870 1194 920 1225 sq.
956 1185 1032 1217 149.
1058 1195 1110 1227 sq.
1146 1186 1221 1217 186.
1246 1196 1298 1228 sq.
1331 1185 1408 1217 200.
1441 1185 1506 1227 (cf.

161 1227 383 1266 Fischerus.)
408 1229 451 1259 de
475 1236 518 1259 eo
542 1231 716 1260 sententia
741 1229 987 1270 Kulenkampii
1010 1231 1064 1262 5.8
1091 1235 1126 1263 et
1151 1231 1316 1263 Brunckii
1338 1232 1394 1263 59.

96 1271 248 1304 Tinctus
271 1274 388 1304 literis
414 1272 488 1303 174.
514 1274 599 1304 adn.

91 1317 224 1349 Tollius
249 1315 402 1358 (Herm.)
428 1317 608 1357 Apollonii
634 1319 756 1350 Lexic.
780 1319 926 1350 Homer.
959 1319 1064 1350 edidit
1094 1320 1172 1350 163.
1195 1321 1282 1351 adn.
1320 1321 1509 1351 Burmanni

159 1362 307 1393 secundi
330 1369 523 1393 successor
546 1365 581 1393 in
606 1364 774 1394 cathedra
797 1364 1046 1396 Amstelodam.
1073 1363 1149 1394 170.
1175 1366 1271 1395 eoetr.

91 1407 218 1447 Toupii
253 1405 336 1447 (lo.)
372 1407 554 1447 Longinus
590 1407 668 1439 154.
705 1408 781 1439 172.
816 1417 869 1450 sq.
909 1409 1128 1440 illiberalitas
1167 1408 1241 1440 168.
1286 1410 1435 1441 facilitas
1473 1411 1507 1441 in

159 1451 379 1485 emendando
402 1450 480 1483 219.
512 1453 667 1484 eiusdem
692 1454 844 1493 insignis
869 1455 1035 1494 quaedam
1062 1454 1279 1494 negligentia
1302 1454 1383 1486 220.
1410 1463 1509 1486 com-

159 1497 325 1527 mercium
350 1496 443 1528 liter.
469 1504 548 1527 cum
572 1498 712 1528 Ruhnk.
735 1497 815 1529 232.

90 1541 283 1581 Tragicum
309 1541 437 1572 dictum
461 1540 542 1572 247.

92 1586 268 1618 Tunstalli
291 1585 393 1626 (lac.)
418 1586 568 1626 epistola
591 1586 633 1617 ad
658 1587 909 1618 Middletonum
932 1587 1009 1619 219.
1036 1587 1124 1619 adn.

92 1630 284 1662 Tursellini
310 1630 449 1662 libellus
473 1631 516 1663 de
539 1632 685 1663 historia
708 1633 765 1663 95.
791 1640 842 1672 sq.

93 1675 342 1716 Tyrwhittus:
366 1676 438 1707 vid.
462 1677 707 1717 Musgravius:
733 1677 841 1708 edidit
865 1678 1020 1710 libellum
1037 1678 1225 1718 Orphicum
1250 1678 1293 1710 de
1320 1676 1510 1719 Lapidibns

155 1719 235 1752 170.
258 1720 344 1752 adn.

93 1765 252 1797 Tzetzes
274 1763 420 1805 (isaac.)
448 1764 522 1796 145.
549 1766 635 1797 (adn.

93 1809 314 1842 Uffenbachii
339 1811 476 1841 iuvenis
501 1811 614 1842 studia
639 1811 845 1843 moderatur
868 1812 1008 1844 Ruhnk.
1035 1812 1090 1844 19.
1115 1812 1200 1844 adn.

92 1855 206 1887 Ulixis
229 1856 430 1886 constantia
454 1855 532 1885 162.

92 1900 314 1932 Umbraticus
337 1900 463 1931 doctor
485 1901 541 1931 89.
565 1908 641 1941 sqq.
666 1901 714 1941 cf.
741 1900 816 1932 126.

99 1944 198 1976 Unus
221 1944 436 1987 mullorum,
461 1953 556 1976 unus
580 1953 626 1977 eae
650 1946 759 1977 turba
785 1945 862 1976 140.
889 1946 968 1977 adn.

93 1989 215 2021 Ursini
244 1987 377 2028 (Fulv.)
410 1990 583 2030 virgilius
615 1992 880 2029 comparatione
911 1992 1081 2022 Graecor.
1117 1992 1283 2031 scriptor.
1316 1991 1511 2024 illustratus

162 2033 240 2065 125.
267 2034 365 2065 eoetr.

92 2078 378 2112 Valckenaerius
402 2077 486 2118 (Io.)
509 2080 626 2118 magni
649 2078 778 2110 Valck.
800 2078 889 2110 filius
911 2079 988 2112 215.
1015 2080 1102 2113 adn.

95 2124 357 2157 Valckenarius
381 2123 538 2158 (Ludov.
564 2124 713 2163 caspar)
740 2125 775 2155 in
800 2124 955 2157 Homero
981 2126 1107 2156 critice
1132 2126 1316 2158 tractando
1341 2129 1513 2158 versatur

161 2168 219 2200 41.
268 2169 490 2200 Ammonium
531 2169 741 2200 adolescens
777 2171 942 2200 tractavit
969 2171 1024 2201 53.
1062 2169 1294 2211 Wesseungu
1324 2173 1443 2202 socius
1475 2173 1509 2203 in

163 2213 299 2245 edendo
329 2213 513 2245 Herodoto
543 2214 602 2244 85.
625 2222 677 2254 sq.
717 2215 793 2244 eius
826 2215 986 2246 iudicium
1017 2214 1059 2246 de
1092 2215 1262 2253 Hesychii
1291 2216 1378 2247 Lex.
1410 2218 1514 2256 eique

162 2260 362 2298 praemissa
398 2259 502 2298 epist.
541 2258 584 2290 ad
622 2258 807 2299 Eulogium
844 2257 919 2289 129.
957 2268 1009 2300 sq.
1046 2260 1293 2291 adnotationes
1328 2263 1361 2291 in
1399 2260 1514 2293 Calli-

162 2304 324 2335 machum
349 2303 406 2334 79.
430 2313 482 2343 sq.
506 2304 564 2335 82.
597 2304 632 2334 in
657 2304 906 2343 Xenophontis
927 2305 1172 2336 Memorabilia
1196 2305 1273 2336 155.
1296 2314 1348 2347 sq.
1373 2307 1510 2337 Frane-

163 2357 293 2389 querae
319 2348 425 2380 docet
446 2348 502 2379 45.
535 2348 805 2379 Hemsterhusio
828 2357 1020 2380 successor
1043 2350 1237 2381 destinatus
1260 2351 1317 2380 73.
1351 2351 1516 2382 succedit

165 2393 280 2424 eidem
296 2393 330 2424 in
347 2394 485 2424 literar.
507 2392 636 2424 Graec.
654 2398 690 2424 et
705 2394 832 2425 histor.
849 2395 979 2432 patriae
1000 2394 1168 2426 cathedra
1183 2395 1259 2426 133.
1283 2400 1513 2435 comparatur

116 2462 127 2469 .
164 2445 242 2469 cum
266 2438 534 2469 Hemsterhusio
558 2440 728 2478 magistro
759 2442 794 2470 et
817 2446 895 2470 cum
919 2439 1058 2479 collega
1082 2439 1294 2471 Ruhnkenio
1319 2439 1511 2472 133-141.

165 2491 243 2514 cum
268 2483 513 2523 wesseliugio
536 2483 592 2513 86.
618 2484 695 2514 eius
718 2483 762 2514 de
786 2491 860 2522 rep.
885 2486 1063 2515 sententia
1087 2484 1162 2515 182.
1185 2485 1265 2515 258.
1290 2485 1510 2516 ardelionum

165 2527 414 2568 impudentiam
440 2528 666 2559 cavillatione
697 2527 863 2559 eludebat
885 2528 966 2560 270.
1003 2531 1151 2560 moritur
1177 2529 1251 2560 189.
1289 2531 1443 2562 collecta
1467 2531 1512 2561 ab

168 2580 211 2603 eo
234 2574 340 2612 atque
363 2573 537 2604 illustrata
561 2572 769 2604 Callimachi
795 2573 994 2614 fragmenta
1018 2578 1055 2606 et
1074 2574 1235 2615 Elegiam
1253 2573 1382 2606 Catulli
1398 2575 1511 2607 Calli-

166 2617 280 2648 mach.
304 2621 429 2656 postea
452 2617 558 2649 edidit
581 2618 632 2649 lo.
655 2618 777 2649 Luzac
799 2618 856 2649 80.
881 2618 966 2650 adn.

98 2660 264 2693 Valesius
293 2661 366 2694 163

97 2707 217 2738 Varro
242 2705 439 2748 Atacinus,
462 2713 532 2737 non
557 2705 752 2738 Attacz'mcs
776 2705 851 2737 184.
877 2707 962 2739 adn.

85 2749 488 2838 Vellqciuqogaterculus
520 2760 543 2783 a.
566 2751 704 2783 Ruhnk.
737 2751 852 2783 editus
883 2751 960 2783 162.
993 2750 1072 2783 173.
1102 2760 1178 2794 sqq.
1212 2752 1287 2785 188.
1318 2751 1399 2786 204.
1429 2732 1539 2790 221.ι

167 2804 186 2827 c
