1833 3237
642 202 977 242 —25ffl

101 316 249 365 aliquot
273 314 522 365 degustavit.
555 317 676 352 totum
708 326 758 352 ne
779 325 895 351 unum
927 315 1081 362 quidem
1112 310 1392 353 velminimum
1422 324 1518 361 per-

91 374 227 423 degit·
258 382 476 421 numquam,
508 383 556 409 ne
586 372 634 407 ad
665 371 897 407 mediocrem
923 372 1090 420 quidem,
1119 373 1293 409 Graecae
1312 372 1516 408 seientiam

99 431 262 478 linguae
289 429 481 476 pervenit.
539 417 800 465 Ruhnkenius
829 428 1049 464 institutum
1080 428 1155 464 iter
1185 431 1346 465 strenue
1374 438 1515 475 perse-

101 487 311 532 quebatur:
343 485 390 520 ad
421 485 547 522 locum
578 484 812 530 perveniens
841 484 882 519 in
914 494 987 529 quo
1019 484 1212 531 haereret,
1251 485 1285 520 si
1316 485 1375 520 bis
1406 487 1517 522 terve

100 542 242 578 lectum
274 542 459 587 expedire
491 551 564 576 non
595 543 742 586 posset,
773 540 821 575 ad
853 550 939 575 eum
974 549 1045 575 non
1077 540 1401 588 adhaerescebat,
1429 551 1515 576 enm

100 598 361 645 relinquebat,
391 597 561 642 notabat,
591 596 631 631 in
662 596 768 631 aliud
790 598 942 642 tempus
973 596 1197 642 reponebat,
1228 596 1516 644 progredieba-

101 657 184 690 tur:
231 664 320 690 mox
357 653 459 689 ultro
507 653 573 688 lux
614 652 881 699 oboriebatur,
921 652 984 687 vel
1026 651 1143 687 simili
1180 652 1218 687 in
1261 652 1517 697 sequentibus

103 711 230 746 oblato
258 710 356 757 loco,
388 709 453 744 vel
485 718 553 754 per
581 708 760 744 iteratam
789 708 910 743 totius
937 708 1150 754 Scriptoris
1178 707 1384 743 lectionem
1411 718 1515 743 nexu

99 765 325 802 accuratius
356 767 576 811 perspecto.
651 765 694 800 Si
726 764 790 810 qui
819 767 1075 809 superessent
1104 763 1181 799 loci
1213 767 1348 800 neutra
1380 764 1514 800 harum

100 823 294 860 rationum
326 821 528 867 patefacti,
559 820 605 855 de
635 820 697 855 his
731 820 1067 856 Hemsterhusium
1101 820 1345 857 consulebat.

212 876 439 912 Annotandi
467 876 710 911 consuetudo
740 875 779 910 in
811 885 856 910 eo
889 879 948 910 est
970 877 1111 922 posita,
1142 878 1186 911 ut
1215 876 1343 912 locum
1375 886 1514 921 quem-

99 943 175 980 que
222 935 434 969 memoratu
478 931 662 979 dignum,
711 930 803 966 item
847 931 968 966 verba
1015 931 1196 976 dictaque
1246 942 1514 977 excerpamuS‚

98 991 284 1035 certoque
313 988 448 1024 ordine
477 988 517 1023 in
548 987 776 1027 adversaria
805 988 1034 1023 referamus.
1094 988 1263 1022 Fructus
1295 987 1380 1022 eius
1410 987 1516 1022 mul-

97 1046 221 1091 tiplex
252 1047 331 1081 estz
362 1045 538 1091 primum,
571 1046 613 1079 ut
643 1043 803 1079 inventa
834 1054 882 1079 ne
913 1044 1039 1089 perire
1070 1043 1259 1090 sinamus,
1290 1043 1356 1079 sed
1375 1045 1515 1078 custo-

96 1101 263 1148 diamus,
292 1100 396 1137 unde
426 1110 485 1147 ea,
515 1099 739 1147 postulante
767 1110 855 1146 usu,
886 1100 1003 1135 facile
1034 1109 1326 1145 expromamus:
1360 1099 1515 1145 deinde,

97 1161 141 1194 ut
171 1157 391 1203 expeditior
429 1156 664 1201 faciliorque
704 1156 878 1201 quotidie
917 1157 984 1192 fiat
1024 1165 1283 1203 progressus,
1327 1165 1442 1201 quum
1473 1155 1513 1190 in

98 1217 250 1260 promtu
281 1212 470 1248 habemus
500 1211 608 1258 prius
638 1212 929 1257 animadversa,
974 1212 1115 1257 quibus
1156 1211 1513 1257 revocandiseas,

99 1280 198 1316 quae
237 1271 372 1314 postea
408 1267 643 1315 obveniunt,
698 1267 952 1303 difficultates
993 1266 1268 1313 expediamus:
1328 1269 1430 1314 tum,
1474 1270 1515 1302 ut

97 1325 282 1362 similium
324 1324 472 1371 copiam
514 1323 776 1370 exemplorum
817 1333 1100 1374 congeramus,
1151 1323 1292 1369 quibus
1330 1322 1430 1358 inter
1469 1332 1514 1358 se

98 1381 370 1428 comparandis
402 1383 441 1417 et
469 1391 598 1416 rerum
628 1380 817 1416 rationem
859 1383 897 1416 et
926 1380 1087 1427 linguae
1124 1389 1237 1415 usum
1270 1379 1514 1427 colligamus,

97 1448 199 1485 quae
229 1437 452 1474 observatio
488 1437 740 1482 inductioque
771 1447 848 1472 una
889 1440 948 1472 est
990 1436 1195 1471 verissima
1234 1436 1273 1471 in
1304 1435 1366 1471 his
1396 1436 1580 1474 rebus38

98 1493 165 1530 via
205 1497 366 1530 naturae
405 1495 443 1529 et
482 1493 635 1541 ingenii
676 1493 856 1539 humani3
897 1492 1085 1538 denique,
1125 1495 1169 1527 ut
1206 1492 1279 1527 sub
1320 1502 1435 1528 manu
1467 1502 1514 1527 ac

98 1550 245 1586 sensim
285 1553 522 1597 congeratur
566 1559 612 1584 ac
652 1549 856 1597 digeratur
898 1549 1012 1594 sylva
1053 1551 1090 1584 et
1135 1551 1346 1595 apparatus
1388 1548 1513 1584 omnis

97 1606 456 1653 interpretationis,
497 1605 801 1652 emendationis,
833 1608 871 1641 et
902 1604 1054 1640 omnino
1085 1605 1367 1651 grammaticae
1398 1604 1513 1639 eriti-

97 1673 246 1708 caeque
276 1662 490 1697 doctrinae.
552 1661 811 1697 Ruhnkenius
853 1671 938 1696 cum
973 1671 1021 1695 ex
1062 1660 1264 1695 veteribus
1295 1659 1513 1705 scriptori-

93 1719 182 1765 buS,
213 1721 291 1754 tum
320 1728 369 1753 ex
401 1717 682 1753 recentioribus
702 1727 831 1753 eorum
853 1716 1146 1762 interpretibus,
1176 1715 1349 1763 Criticis,
1369 1716 1514 1750 Gram-

95 1774 274 1821 maticis,
319 1773 593 1818 Antiquariis‚
646 1773 902 1817 omnibusque
939 1773 1093 1807 omnino
1132 1771 1248 1806 huius
1290 1771 1513 1819 argumenti

95 1831 222 1879 libris,
254 1839 352 1876 quos
382 1824 515 1865 omnes
542 1830 580 1864 et
613 1832 853 1876 cognoverat
886 1830 924 1863 et
954 1827 1199 1875 perlegerat:
1231 1837 1280 1863 ex
1304 1827 1367 1862 his
1389 1827 1513 1875 igitur

95 1887 218 1922 verba
259 1885 531 1930 dictionesque
586 1888 624 1920 et
666 1884 852 1930 quidquid
896 1884 945 1918 ad
989 1883 1280 1931 grammaticam
1324 1883 1512 1919 rationem

96 1943 322 1990 pertineret,
353 1942 438 1977 suis
467 1941 566 1977 locis
597 1940 859 1990 adscribebat,
884 1941 1036 1975 Graeca
1066 1940 1105 1975 in
1127 1939 1322 1986 Scapulae
1348 1940 1510 1988 Lexico,

96 1998 239 2036 Latina
275 1998 314 2032 in
353 1996 471 2032 Fabri
513 1996 739 2032 Thesauro:
786 1996 988 2040 utriusque
1028 1996 1267 2043 exemplum,
1305 1995 1513 2031 interiecta

98 2053 303 2100 quibusvis
333 2052 490 2100 paginis
521 2062 617 2097 pura
642 2052 775 2087 charta
808 2051 987 2099 ligatum,
1018 2051 1057 2086 in
1079 2051 1149 2086 hos
1168 2062 1265 2088 usus
1287 2052 1334 2086 ad
1356 2063 1511 2087 manum

98 2110 287 2146 habebat:
317 2118 381 2143 res
412 2118 513 2153 quae
543 2108 592 2142 ad
623 2107 844 2152 Historiam,
876 2107 1159 2154 Antiquitates,
1190 2108 1339 2143 aliasve
1360 2108 1511 2143 doctri-

97 2175 170 2202 nas
200 2165 454 2205 referrentur,
484 2164 522 2199 in
555 2163 783 2208 compendio
814 2163 1005 2208 cuiusque
1030 2164 1249 2210 argumenti
1280 2163 1396 2209 edito,
1429 2165 1511 2211 aut,

96 2221 133 2258 si
163 2220 387 2256 huiusmodi
418 2219 562 2254 editum
583 2219 853 2265 compendium
884 2229 959 2254 non
980 2219 1153 2265 haberet,
1183 2219 1222 2254 in
1244 2218 1511 2265 peculiaribus

98 2275 411 2313 adversariorum
445 2275 587 2311 libellis
618 2275 843 2311 annotabat.

211 2332 398 2374 Quantam
429 2331 498 2366 illa
528 2330 737 2367 annotandi
755 2329 995 2365 consuetudo
1027 2329 1105 2364 vim
1135 2328 1291 2377 habeat,
1323 2332 1359 2365 et
1382 2339 1510 2375 quan-

98 2389 178 2425 tum
208 2398 279 2435 per
309 2398 393 2423 eam
425 2388 485 2422 vir
515 2387 600 2422 viro
631 2388 819 2432 praestet,
852 2385 969 2421 facile
1000 2387 1061 2420 est
1091 2385 1354 2421 attendentem
1386 2386 1510 2421 intel-

97 2437 240 2494 ligere.
298 2444 394 2487 Quis
424 2445 544 2490 neget
574 2451 736 2490 magnos
768 2442 894 2477 fuisse
926 2441 1031 2477 viros
1063 2442 1276 2478 Gesnerum
1308 2444 1348 2477 et
1377 2443 1511 2477 Erne-

99 2502 217 2547 stum,
248 2499 450 2535 doctrinae
480 2499 720 2544 praestantia
751 2500 789 2533 et
820 2497 1036 2542 varietate,
1076 2497 1278 2533 iudicandi
1310 2498 1511 2544 facultate,

99 2555 295 2592 scribendi
314 2552 462 2590 laude?
493 2557 534 2590 ut
564 2565 695 2590 eorum
720 2554 759 2590 in
793 2553 1021 2589 disserendo
1043 2553 1227 2588 miramur
1257 2552 1513 2600 diligentiam,

102 2611 264 2658 copiam,
293 2611 572 2656 subtilitatem,
603 2609 860 2659 elegantiam,
889 2609 1146 2654 prudentiam,
1177 2609 1232 2643 ita
1261 2608 1300 2644 in
1332 2609 1512 2644 animad-

102 2666 349 2704 versionibus
379 2667 430 2701 ad·
458 2667 679 2711 Scriptores
710 2665 903 2710 antiquos,
937 2664 976 2699 in
1008 2664 1143 2710 primis
1174 2665 1361 2711 Graecos,
1386 2664 1510 2709 yeluti

101 2721 266 2757 Gesneri
307 2721 357 2757 ad
397 2722 614 2759 Lucianum
655 2724 695 2756 et
732 2720 953 2767 Orpheum,
1002 2719 1162 2756 Ernesti
1199 2720 1246 2755 ad
1287 2719 1573 2765 Homerum,39

99 2776 419 2824 Xenophontem,
453 2777 746 2823 Callimachum,
778 2786 1005 2822 quamquam
1037 2785 1086 2812 ne
1116 2774 1205 2812 illas
1235 2775 1390 2823 quidem
1421 2775 1508 2812 dis-
