1833 3237
848 182 1181 220 -44-

310 300 477 337 eundum
508 306 663 341 censeO,
694 304 780 330 cum
815 293 1012 330 Plutarchi
1042 293 1100 329 tui
1127 293 1424 341 Literarumque
1454 307 1608 344 caussa,
1639 298 1719 332 tum

310 357 359 392 ad
407 354 526 390 animi
580 350 894 399 cognitionisque
941 350 1142 385 liberalem
1199 351 1365 386 fructum
1414 353 1717 398 percipiendum.

310 413 419 446 Haec
446 410 526 443 ille.

234 464 286 500 ’71
420 466 541 499 Erant
573 462 706 498 eodem
752 463 925 506 tempore
956 460 1138 496 Lutetiae
1169 460 1242 495 duo
1282 459 1499 497 doctissimi
1531 463 1717 509 Britanni,

309 520 538 566 quibuscum
560 517 819 554 Ruhnkenius
844 517 1052 551 amicitiam
1077 517 1217 561 iunxit,
1249 519 1285 550 et
1303 519 1438 561 postea
1459 519 1600 554 absens
1618 529 1717 553 con-

307 578 459 612 stanter
497 574 635 609 coluit:
673 574 794 617 alter,
825 573 979 607 Samuel
1014 572 1292 617 MusgraviuS,
1334 572 1398 616 qui
1428 573 1611 609 Medicae
1641 574 1718 609 arti

308 630 522 666 discendae
575 639 729 675 operam
774 628 907 662 dabat:
949 628 1060 671 alter,
1101 628 1270 662 Thomas
1301 628 1571 673 Tyrwhittus,
1618 629 1716 664 bene

308 687 441 734 dives,
473 687 592 734 genio
623 688 661 720 et
691 685 845 720 literato
877 683 1162 728 obsequebatur
1192 684 1288 727 otio,
1327 687 1379 730 et,
1410 689 1453 718 ut
1484 689 1566 719 erat
1596 684 1716 731 inge—

309 741 556 778 niosissimus
588 741 871 786 elegantiarum
899 738 1017 773 iudex
1047 742 1085 773 et
1110 739 1347 783 aestimator,
1378 739 1582 774 Musarum
1604 741 1716 776 Sire-

308 809 476 844 numque
503 798 647 832 cultum
679 796 733 830 ita
763 794 964 842 iungebat,
995 797 1050 841 ut,
1083 793 1258 838 utrisque
1284 796 1437 842 gratus,
1470 798 1717 840 utrarumque

307 855 533 890 muneribus
568 854 772 888 frueretur.

420 908 646 946 Ruhnkenii
685 907 860 942 doctrina
897 916 1010 952 quum
1052 905 1234 941 Lutetiae
1275 915 1348 941 non
1389 907 1496 941 esset
1540 907 1719 953 obscura,

308 966 471 1000 miretur
501 965 588 1009 quis
620 973 705 998 eum
739 973 812 998 non
843 963 882 998 in
914 961 1133 997 sodalitium
1155 961 1393 996 Academiae
1416 962 1717 1007 Inscriptionum

307 1022 436 1056 fuisse
466 1015 720 1065 adscitum.*)
780 1019 900 1066 Atqui
924 1018 1023 1052 idem
1051 1017 1137 1061 quis
1156 1017 1318 1051 miretur
1338 1017 1385 1051 de
1406 1018 1717 1063 Hemsterhusio,

307 1076 601 1121 Wessetingim
652 1074 940 1122 Valckenario,
991 1073 1156 1117 aliisque
1199 1071 1345 1105 exteris
1383 1073 1422 1106 in
1462 1073 1534 1107 hoc
1571 1082 1718 1119 genere

308 1131 592 1167 excellentibus
643 1130 753 1166 viris.
815 1129 933 1165 Tales
979 1133 1134 1163 exteros
1181 1126 1363 1173 ignorant
1412 1128 1494 1163 fere
1544 1129 1719 1174 plerique

308 1187 464 1223 sodales
507 1186 585 1221 illi:
629 1185 704 1220 nisi
745 1185 779 1220 si
820 1185 885 1230 qui
926 1184 964 1218 in
997 1184 1057 1218 his
1085 1183 1229 1219 Literis
1262 1193 1391 1217 veram
1423 1184 1717 1230 grammaticam

308 1243 562 1287 criticamque
601 1242 787 1276 rationem
829 1242 1070 1287 sequuntur,
1125 1238 1341 1273 cuiusmodi
1384 1239 1510 1274 adhuc
1549 1244 1640 1274 sunt
1679 1240 1718 1275 in

307 1299 442 1345 primis
481 1297 747 1344 Villoisonus,
787 1297 1028 1340 Larcherus,
1070 1295 1387 1331 sanctocrurius.
1447 1296 1585 1340 Neque
1624 1306 1717 1331 vero

307 1354 569 1392 Ruhnkenius
601 1353 716 1388 huius
746 1354 927 1388 honorem
959 1351 1128 1386 sodalitii
1151 1351 1372 1395 quaerebat,
1404 1351 1482 1395 qui,
1516 1353 1719 1386 nemster-

308 1411 414 1446 husii
445 1409 832 1454 doctissimorumque
865 1409 1095 1443 Batavorum
1128 1406 1328 1450 exemplO,
1359 1416 1505 1441 omnem
1538 1410 1718 1442 ostenta-

309 1467 452 1502 tionem
485 1469 523 1501 et
553 1465 755 1513 gloriolam
789 1464 945 1500 odisset.
1005 1464 1102 1499 Nam
1137 1465 1271 1507 postea
1301 1462 1450 1497 demum
1482 1463 1558 1497 ista
1588 1463 1719 1508 opinio

309 1533 356 1558 ac
387 1522 540 1557 vanitas
571 1525 788 1556 nostrorum
820 1518 1015 1554 hominum
1046 1519 1195 1553 animos
1225 1518 1379 1564 infecit,
1410 1521 1453 1553 ut
1485 1528 1528 1553 eo
1553 1529 1596 1554 se
1624 1519 1719 1554 bea-

308 1579 428 1613 tiores
453 1578 702 1623 arbitrentur,
734 1586 808 1622 quo
833 1576 999 1622 plurium
1032 1574 1299 1610 sodalitiorum
1320 1574 1454 1610 titulos
1485 1574 1569 1610 suis
1593 1575 1719 1610 uomi-

308 1634 423 1670 nibus
453 1633 713 1668 subscribant.
1484 1640 1487 1642 ·

242 1685 295 1722 '72
420 1689 680 1726 Ruhnkenius
712 1699 757 1724 eo
789 1687 952 1724 consilio
982 1685 1175 1722 Lutetiam
1196 1687 1395 1731 profectus
1427 1688 1523 1733 erat,
1553 1688 1593 1721 ut
1625 1697 1718 1732 per-

307 1745 487 1780 lustratis
527 1745 612 1778 eius
650 1745 756 1779 urbis
792 1744 1041 1779 bibliothecis
1081 1752 1289 1785 earumque
1331 1742 1530 1777 codicibus
1561 1743 1719 1786 scriptis

308 1800 490 1836 excussis
522 1799 818 1844 excerptisque,
861 1808 972 1843 porro
1005 1797 1230 1841 Hispaniam
1263 1800 1434 1842 peteret,
1467 1798 1717 1842 eamdemque

308 1866 463 1901 operam
494 1854 531 1889 in
565 1855 809 1889 bibliothecis
832 1853 1146 1889 Scorialensibus
1161 1848 1219 1898 **)
1242 1863 1288 1887 ac
1318 1851 1613 1887 Matritensibus
1644 1864 1718 1887 na-

307 1914 429 1947 varet.
489 1912 654 1953 Quarum
681 1920 755 1955 quo
777 1910 991 1944 faciliorem
1014 1908 1157 1942 aditum
1187 1909 1359 1953 haberet,
1392 1908 1464 1943 iam
1489 1919 1572 1943 cum
1594 1909 1717 1943 Bata-

307 1978 442 2003 vorum
483 1966 581 2011 apud
616 1967 812 2011 llispanos
850 1965 981 2012 legato
1013 1974 1080 2008 pcr
1111 1964 1254 1998 amicos
1287 1967 1446 2010 egerat,
1494 1967 1535 1998 ut
1563 1965 1646 1999 eius
1679 1965 1718 1999 in

308 2024 491 2059 comitatu
524 2026 558 2057 et
593 2022 739 2056 familia
767 2022 890 2056 locum
925 2019 1171 2055 honorarium
1204 2019 1408 2054 obtineret.
1474 2020 1588 2054 Nunc
1619 2030 1719 2055 anno

307 2080 489 2116 Lutetiae
528 2081 748 2122 transacto,
796 2077 900 2110 videt
937 2075 1190 2119 complurium
1232 2075 1348 2109 etiam
1396 2084 1580 2110 annorum
1622 2085 1719 2119 opus

308 2134 448 2170 ibidem
482 2143 710 2178 superesse:
751 2135 788 2166 et
828 2132 903 2166 iam
942 2134 1088 2165 tantum
1120 2133 1375 2175 congesserat
1406 2131 1716 2176 apographorum

309 2193 660 2234 excerptorumque
682 2196 877 2234 acervum,
909 2190 949 2220 ut
981 2196 1065 2219 eum
1094 2185 1275 2230 digerere
1306 2186 1456 2219 taudem
1478 2190 1514 2219 et
1536 2186 1582 2219 ad
1605 2196 1715 2219 usum

311 2247 489 2280 conferre
531 2247 702 2289 cuperet.
775 2244 928 2277 Interea
974 2241 1292 2275 l-lemsterhusius
1335 2250 1486 2284 quoque
1525 2248 1610 2274 eum
1649 2250 1719 2285 per

309 2301 445 2335 literas
476 2301 667 2343 monebat,
698 2302 850 2343 tempus
869 2297 1025 2331 venisse
1044 2296 1319 2340 adipiscendae
1340 2295 1565 2337 cathedrae,
1597 2296 1718 2330 nollet

312 2355 460 2391 diutius
484 2354 676 2402 Lugduno
708 2355 861 2400 abesse,
895 2362 941 2387 ne
972 2351 1073 2396 apud
1104 2351 1249 2386 amicos
1281 2351 1531 2396 fautoresque
1561 2360 1653 2385 suos
1676 2352 1714 2385 iu

309 2520 336 2559 ⁸)
362 2522 470 2560 Atqui
489 2522 626 2561 contra,
650 2520 818 2552 adscitum
835 2528 874 2550 se
891 2521 1011 2555 fuisse,
1027 2518 1178 2549 noudum
1195 2520 1359 2556 suscepto
1381 2516 1557 2547 Lutetiam
1577 2517 1716 2554 itinere,

355 2567 432 2604 ipse
457 2573 487 2594 a.
516 2565 613 2595 1753.
637 2567 779 2604 scripsit
807 2565 971 2604 Ernesto,
1005 2564 1133 2602 opum.
1159 2564 1200 2593 Τ.
1228 2562 1268 2592 ΙΙ.
1302 2571 1333 2601 p.
1358 2561 1436 2591 837.
1469 2561 1578 2592 Cuius
1613 2568 1717 2597 repu-

356 2611 524 2650 gnantiae
549 2618 692 2641 causam
718 2617 761 2639 ex
778 2610 993 2645 Rnliukenii‚
1017 2610 1152 2639 amicos
1176 2611 1280 2645 atque
1305 2606 1392 2636 adeo
1418 2607 1521 2635 ctiam
1545 2605 1717 2643 VVytteu-

355 2654 515 2684 bachium
559 2656 627 2684 ista
667 2655 840 2689 celantis,
885 2654 1056 2683 modestia
1096 2653 1325 2691 repetivimus
1364 2652 1398 2680 iu
1434 2649 1547 2681 Praef.
1586 2649 1716 2688 Opuso.

355 2698 495 2730 Ruhnk.
522 2707 553 2737 p.
578 2698 672 2729 xvl.
723 2698 959 2729 BERGMAN.

313 2753 367 2793 ⁰)
392 2754 429 2784 lu
458 2752 543 2784 urbe
569 2753 742 2786 E-scurial
767 2762 794 2783 s.
826 2752 1006 2784 Est-orial.
1055 2753 1127 2784 FB.
