1833 3237
843 225 892 232 -——
981 202 1060 243 46⁴
1123 216 1234 244 aaa.

238 317 291 355 ‘74
303 319 520 357 inventrice
528 330 545 364 ;
577 313 739 353 materia
765 317 1013 364 pervulgata,
1044 316 1112 352 sed
1143 315 1192 351 ad
1221 316 1442 362 popularem
1472 315 1712 355 auditionem

301 375 599 416 accommodata,
630 371 842 418 eademque
871 373 987 420 gravi
1015 382 1090 408 nec
1118 381 1299 418 umquam
1329 373 1425 409 satis
1456 374 1709 410 celebranda:

302 435 475 467 ceterum
505 439 527 463 a
556 428 791 464 Ruhnkenio
831 438 880 463 ex
917 428 968 464 iis
998 428 1095 463 locis
1125 428 1260 473 ducta,
1299 428 1349 464 iis
1390 431 1429 464 et
1465 430 1709 477 argumentis

301 487 523 522 confirmata
552 486 591 519 et
619 484 831 520 luminibus
861 484 1070 528 distincta,
1109 486 1152 519 ut
1180 484 1296 529 plane
1326 494 1426 519 nova
1454 494 1528 520 nec
1556 496 1579 520 a
1609 495 1710 532 quo-

300 551 413 586 quam
444 542 536 575 ante
566 549 654 574 eum
684 542 848 576 tractata
877 539 1091 575 videretur,
1147 541 1199 576 Et
1239 541 1322 575 erat
1360 539 1434 575 hoc
1463 540 1710 585 eloquentiae

299 596 514 642 proprium,
545 595 593 630 de
623 596 823 631 veteribus
853 605 976 642 nove,
1006 595 1054 630 de
1083 594 1187 630 tritis
1218 595 1426 641 exquisite,
1456 595 1598 632 dicere.
1657 598 1710 632 Et

302 651 561 698 vereyideor
590 652 784 686 affirmare
814 661 950 697 posse,
981 651 1082 686 hanc
1111 651 1274 695 primam
1300 654 1387 696 post
1415 651 1575 698 longum
1603 654 1709 687 tem-

300 704 436 752 pus'e
466 706 648 743 cathedra
686 706 1226 753 auditoriivLugdunobatavi
1264 716 1358 742 vere
1382 699 1630 754 'orationem,
1668 706 1710 743 id

302 764 383 808 es‘t,
416 760 534 807 *quae
574 767 612 797 et
651 762 874 797 Latinitatis
915 764 953 796 et
992 760 1238 805 eloquentiae
1276 762 1405 796 officio
1446 762 1710 808 satisfaceret,

300 820 394 853 tunc
424 818 591 853 habitam
623 827 725 861 esse,
757 820 807 862 et,
839 816 941 851 haud
972 811 1137 863 dubio*]
1179 815 1347 851 omnium
1377 817 1452 853 hac
1485 817 1602 853 laude
1641 817 1708 852 di·-

299 883 481 921 gnarum,
512 875 601 908 ante
624 871 840 909 habitarum
859 871 1073 918 principem
1100 871 1315 908 exstitisse.
1366 872 1473 915 Quod
1496 873 1611 918 quale
1641 873 1706 918 sit,

298 929 402 964 infra
431 929 662 963 videbimus.
850 963 852 965 ,

412 984 576 1020 Scholas
607 983 743 1018 habuit
774 983 977 1028 bifariam,
1017 982 1318 1026 interpretandis
1349 983 1612 1028 scriptoribus
1644 983 1708 1019 vel

298 1039 445 1085 sacris,
476 1040 607 1074 Lucae
637 1039 855 1085 Evangelio
886 1041 923 1073 et
953 1038 1069 1072 Actis
1088 1034 1175 1083 ,**)
1207 1038 1272 1072 vel
1302 1038 1496 1082 classicis,
1526 1041 1707 1084 Homero,

295 1095 567 1139 Xenophonte,
605 1093 707 1127 aliis.
766 1094 959 1137 Utrasque
988 1093 1044 1127 ita
1073 1092 1253 1138 habebat,
1283 1096 1327 1128 ut
1356 1094 1593 1137 Scriptorem
1621 1093 1709 1138 ipse

296 1150 450 1197 legeret
489 1152 528 1184 et
557 1140 911 1195 interpreta1·etur,¹
935 1151 1015 1183 tum
1055 1148 1100 1182 ad
1132 1148 1238 1183 locos
1270 1149 1512 1184 difficiliores
1543 1149 1708 1184 dictaret:

297 1205 656 1241 animadversiones
687 1205 735 1240 de
765 1205 930 1249 scripto:
969 1204 1023 1239 ita
1054 1204 1285 1251 factitabant
1315 1204 1637 1240 Hemsterhusius
1667 1206 1707 1240 et

298 1256 610 1307 Oudendorpi'us,
642 1261 920 1296 factitaverant
937 1260 1197 1306 Burmannus,
1230 1260 1476 1306 Perizonius,
1506 1260 1707 1307 Gronovii,

298 1319 337 1353 et
366 1317 512 1353 caeteri
550 1316 589 1351 in
620 1316 687 1350 illa
716 1315 929 1351 Academia
967 1313 1061 1350 clari
1101 1315 1291 1360 quondam
1320 1315 1410 1353 viri.
1469 1317 1577 1359 Quae
1605 1315 1707 1351 ratio

298 1383 414 1419 quum
434 1372 669 1409 Ruhnkenio
691 1371 781 1407 item
801 1371 1004 1417 placuerit,
1035 1381 1198 1416 cumque
1221 1371 1374 1407 omnino
1404 1372 1564 1408 multum
1594 1371 1707 1407 refe-

297 1432 358 1465 rat
388 1439 500 1474 quam
532 1427 618 1473 quis
649 1428 783 1463 doctor
811 1426 1072 1462 institutionis
1104 1428 1205 1462 viam
1229 1429 1428 1472 sequatur,
1457 1437 1580 1472 eaque
1599 1427 1706 1462 mul·-

298 1487 378 1520 tum
415 1485 455 1520 in
488 1487 690 1529 utramque
721 1486 866 1529 partem
906 1483 955 1518 ad
984 1482 1176 1518 literatam
1215 1483 1302 1518 eius
1341 1483 1461 1518 vitam
1481 1483 1706 1530 —existima-

297 1540 518 1585 tionemque
544 1540 686 1585 valeat,
717 1543 755 1575 et
772 1539 939 1574 valuerit
962 1538 1062 1584 apud
1090 1539 1389 1583 Ruhnkenium3
1420 1538 1521 1574 haud
1537 1538 1707 1574 alienum

235 1587 321 1632 *5521
351 1606 394 1631 re
433 1598 637 1639 praesente
676 1606 764 1630 esse
805 1595 977 1639 videtur,
1030 1594 1069 1629 in
1107 1597 1185 1629 toto
1224 1595 1298 1630 hoc
1335 1594 1508 1629 dictandi
1546 1594 1705 1642 negotio

298 1651 390 1696 quid
420 1651 505 1696 ipsc
535 1651 786 1696 spectaverit,
817 1651 953 1695 paucis
982 1658 1150 1687 monere.
1602 1694 1608 1701 1

409 1707 453 1742 Si
485 1707 633 1741 ratione
663 1710 701 1741 et
729 1706 859 1751 modo,
900 1709 1070 1750 tempore
1096 1708 1134 1741 et
1163 1705 1268 1751 loco,
1298 1707 1359 1749 fit,
1401 1704 1436 1740 si
1466 1715 1489 1740 a
1517 1705 1706 1752 magistro

299 1762 346 1797 ad
378 1762 504 1806 ipsius
536 1765 574 1796 et
604 1761 883 1806 discipulorum
915 1766 1149 1806 progressus
1179 1761 1503 1806 accommodatur,
1535 1761 1703 1806 perutile

298 1818 373 1852 hoc
403 1819 463 1852 est
492 1816 668 1860 utrisque
709 1817 921 1862 negotium.
979 1815 1217 1861 Discipulis,
1258 1815 1419 1850 ineunte
1449 1819 1597 1861 aetate,
1629 1826 1704 1861 qua

299 1874 391 1908 sunt
429 1873 512 1906 fere
550 1871 727 1917 plerique
766 1881 880 1916 quum
921 1870 968 1904 ad
997 1870 1257 1906 Academicas
1295 1871 1513 1906 Literarum
1548 1872 1706 1907 scholas

300 1927 515 1973 accedunt,
565 1927 729 1961 nondum
776 1924 981 1960 exercitati
1033 1926 1080 1960 ad
1132 1926 1528 1971 comprehendendam
1576 1929 1706 1963 mente

299 1983 559 2027 memoriaque
611 1982 828 2017 continuam
874 1981 1056 2027 magistri
1101 1980 1422 2026 disputationem:
1472 1983 1535 2017 his
1580 1983 1704 2029 igitur

300 2038 434 2073 schola
463 2047 536 2072 non
567 2038 678 2082 perit,
709 2038 853 2081 scripto
874 2040 1065 2083 servatur,
1096 2036 1238 2072 habent
1258 2037 1357 2082 quod
1388 2037 1490 2073 domi
1512 2038 1705 2085 relegant.

299 2093 497 2140 Magister
520 2093 811 2127 commentanda
834 2092 1046 2139 diligenter
1069 2093 1427 2138 conscribendaque
1450 2093 1595 2139 schola,
1617 2093 1704 2139 plus

297 2149 448 2195 proficit
477 2159 563 2183 cum
593 2148 640 2182 ad
679 2151 898 2184 accuratam
940 2157 1066 2182 rerum
1096 2148 1383 2197 cognitionem,
1421 2152 1500 2184 tum
1527 2149 1575 2184 ad
1604 2149 1705 2185 bene

297 2204 494 2240 scribendi
528 2204 767 2239 facultatem.
832 2204 952 2246 Quam
989 2201 1216 2238 facultatem
1253 2208 1293 2239 et
1332 2204 1495 2250 egregie
1535 2204 1704 2250 tenebat,

299 2322 327 2362 ⁸)
354 2325 461 2356 Haud
485 2325 605 2355 (lubio.
652 2326 711 2354 Sic
736 2325 770 2354 in
795 2325 956 2355 omnibus
989 2323 1213 2363 editionibus,
1251 2324 1357 2355 etiarn
1382 2324 1584 2362 nuperrima
1608 2323 1703 2362 Opu-

343 2370 521 2400 sculorurn
535 2369 722 2406 W'yttenb.
770 2370 837 2399 sed
862 2377 930 2399 non
957 2368 1099 2398 dubium
1122 2370 1186 2406 est,
1210 2369 1293 2408 quin
1310 2369 1542 2407 improbanda
1557 2369 1603 2398 sit
1615 2369 1703 2400 haec

344 2415 467 2444 forma.
517 2413 569 2442 Ex
595 2421 663 2442 uno
686 2414 778 2442 enirn
799 2414 888 2442 Livii
913 2414 994 2442 loeo
1008 2412 1171 2452 XXXIV,
1195 2413 1227 2443 2.
1253 2412 1414 2454 affertur,
1438 2413 1594 2443 ubiante
1607 2412 1704 2443 Gro-

344 2460 486 2496 vcnium
509 2457 711 2496 legebatur:
749 2458 849 2487 haud
880 2457 991 2487 dubio
1016 2458 1064 2488 ad
1094 2458 1246 2497 culpam
1269 2459 1557 2497 maflistratuum
1580 2457 1704 2497 perti-

342 2511 450 2539 nen-93
475 2502 564 2541 quod
578 2501 780 2532 Gronovius
804 2503 1001 2532 emendavit
1025 2505 1061 2532 et
1078 2502 1391 2533 Drakenborchius
1414 2503 1450 2533 in
1477 2502 1549 2531 ullo
1575 2501 1701 2532 codiee

344 2550 486 2577 exstare
513 2548 668 2586 negavit.
717 2547 834 2583 Quare
857 2546 1026 2588 adducor,
1053 2550 1090 2577 ut
1114 2546 1267 2583 credam,
1291 2546 1571 2584 Vt'yttenbachio
1597 2553 1699 2577 erro-

342 2598 418 2622 rem
442 2598 627 2630 operarum
650 2591 833 2622 obtrusum
858 2599 956 2629 esse,
989 2594 1111 2630 postea
1143 2599 1206 2630 per
1229 2598 1352 2621 omnes
1376 2591 1547 2621 editiones
1573 2598 1703 2629 propa-

343 2637 475 2674 gamm.
524 2635 808 2665 [ANDEMANN.
833 2653 869 2658 —
904 2637 1011 2675 Atqui
1044 2635 1136 2666 infra
1167 2642 1303 2675 quoque
1335 2642 1414 2674 pag.
1448 2635 1502 2665 ed.
1536 2643 1588 2673 pr.
1620 2635 1700 2665 258.

343 2679 462 2710 itidem
487 2681 652 2718 scriptum
672 2680 820 2720 legitur:
848 2687 908 2710 eos
931 2679 1026 2711 'rand
1043 2680 1149 2711 dubio
1167 2696 1211 2701 —
1230 2680 1381 2710 caeteris
1397 2682 1602 2720 praeferre.
1626 2679 1700 2709 ΕΒ.

298 2721 341 2761 ”J
367 2723 512 2755 Paulin.
545 2724 631 2754 item
664 2724 785 2765 Epist.
817 2725 866 2756 ad
899 2724 1083 2767 Galatas,
1115 2732 1262 2765 quarum
1286 2724 1492 2756 scholarum
1524 2723 1701 2764 exemplar

342 2775 453 2809 nuper
475 2769 571 2799 nacti
594 2776 725 2800 sumus.
774 2769 1008 2801 BERGMAN.
1139 2773 1146 2775 “
