1816 3233
646 208 952 251 -205—

97 279 176 315 Pag.
190 281 238 309 ed.
247 278 345 315 princ.

97 322 269 355 252.vs.3.
293 323 530 363 sempiternas
559 325 592 355 ei
620 325 766 365 qratias
788 339 832 346 —
855 323 1043 355 habituros
1072 323 1336 365 relaturosque.
1389 324 1499 356 Immo

250 370 505 409 sempiternam
528 369 560 400 ei
580 370 742 410 qratiam
767 373 835 401 eie.
881 370 994 400 Recte
1017 376 1128 408 supra
1153 377 1202 399 vs.
1218 370 1250 400 5.
1267 378 1320 409 sq.
1349 370 1501 402 Sollem-

251 422 296 446 ne
321 418 375 445 est
399 415 491 445 enim
512 415 659 455 gratias
681 423 813 456 ayere,
839 419 961 446 contra
983 415 1147 454 φταίὶαηι
1170 414 1315 457 habere,
1338 417 1500 456 ,qratiam

251 460 415 500 referre‚·
452 467 518 490 nec
557 459 642 492 licet
677 459 828 491 habendi
865 465 924 490 aut
960 459 1142 499 referendi
1180 460 1290 491 verbo
1329 461 1499 501 pluralem

249 504 462 545 adiungere,
499 505 564 536 nisi
587 506 642 536 ubi
666 505 759 536 forte
783 505 912 545 ccqendi
945 505 1090 535 verbum
1124 512 1202 536 cum
1224 506 1405 545 referendi
1441 510 1500 538 aut

250 549 400 581 habendi
424 550 627 590 copulatur,
662 553 700 580 ut
723 553 756 581 in
781 551 831 587 his
856 548 1040 580 Ciceronis
1064 550 1209 590 Philipp.
1236 550 1304 590 111,
1333 550 1385 582 10.
1423 561 1498 584 me-

251 595 390 636 ritoque
413 595 533 625 vestro
556 596 735 626 ma'oez'mas
759 594 857 626 vobis
877 596 1023 635 yratz‘as
1046 604 1164 627 onmes
1188 597 1223 627 et
1245 605 1354 636 affere
1378 599 1414 629 et
1435 598 1500 630 ha·-

251 637 330 670 bere
352 639 527 671 debemus.
574 640 617 671 ad
641 641 741 671 Fam.
767 640 813 679 X,
838 638 889 670 11.
928 639 1158 672 Immortales
1182 650 1246 682 eqo
1271 641 1334 672 tibi
1355 645 1499 682 qratias

249 692 343 726 aye,
378 692 555 726 aptamque
582 685 666 717 dum
690 687 831 722 vivam,-
867 694 950 717 nam
980 686 1188 718 relaturum
1222 696 1275 718 me
1306 687 1500 729 affirmare

247 737 320 760 non
340 737 496 769 possum.

92 773 214 805 253.—
229 774 261 804 6.
285 772 443 806 debitum
471 782 542 814 pro
574 772 733 816 filioram
765 775 894 807 scholis
923 775 1172 807 honorarium.
1227 778 1337 816 Quum
1370 779 1426 811 hic
1456 779 1499 811 de

248 822 351 860 pacta
381 820 545 851 mercede
569 822 832 860 constitutoque
862 821 1063 860 disciplinae
1096 823 1210 860 pretio
1245 827 1387 863 agatur,
1428 833 1499 857 non

249 866 336 896 satis
361 870 476 905 aptum
502 869 558 895 est
582 865 770 896 honorarii
795 867 1024 907 vocabulum,
1061 866 1104 897 de
1129 876 1197 907 quo
1225 868 1292 899 vid.
1317 869 1447 901 Krebs.
1473 872 1496 901 l.

250 909 274 940 1.
299 918 375 950 pag.
401 910 479 940 387.
504 918 555 950 sq.
603 909 725 950 Itaque
752 911 808 941 hic
839 912 1042 950 simpliciter
1074 912 1143 942 dici
1163 914 1320 953 pretium
1353 911 1500 955 oporte*

251 955 316 986 bat.
354 956 528 994 Quoniam
552 960 669 986 autem
691 954 851 996 filioram
874 957 1014 987 scholae
1040 965 1109 987 non
1132 958 1386 999 intelliguntur,
1412 969 1499 1000 quas

247 1001 298 1031 illi
323 1001 608 1040 frequentabant,
633 1001 693 1030 sed
720 1009 804 1040 quas
830 1002 1002 1032 habebant
1027 1003 1108 1041 ipsi,
1133 1010 1175 1033 ac
1200 1008 1388 1041 praeterea
1414 1008 1498 1038 ferri

249 1054 318 1077 non
342 1050 460 1086 potest
489 1055 558 1087 pro
583 1047 773 1085 particula,
815 1050 935 1086 utpote
967 1055 1055 1086 quae
1086 1049 1118 1077 in
1152 1049 1278 1079 talibus
1311 1059 1379 1081 non
1419 1060 1498 1082 eum

248 1091 490 1129 substantivis,
513 1091 576 1122 sed
601 1099 678 1121 cum
706 1092 824 1122 verbis
849 1094 1011 1131 coniungi
1035 1093 1148 1123 soleat
1172 1093 1283 1134 (velut
1305 1096 1396 1127 infra
1420 1105 1497 1138 pag.

247 1135 337 1178 264,
356 1136 410 1168 21.
450 1144 518 1177 pro
542 1138 647 1168 unico
671 1153 713 1158 —
738 1137 876 1177 aliquid
898 1139 1009 1177 pretii
1030 1142 1161 1178 pactus
1184 1139 1283 1178 εει),-
1321 1141 1374 1172 hie
1398 1143 1498 1173 locus

247 1183 300 1212 sic
324 1186 381 1213 est
404 1182 658 1214 emendandus:
689 1182 782 1223 quod
803 1191 873 1222 pro
894 1181 1054 1222 filioram
1077 1183 1303 1217 institutione
1329 1186 1501 1219 debebant

244 1228 401 1267 pretium
439 1231 500 1257 aut
528 1229 598 1258 sic:
635 1227 788 1258 debitam
825 1228 1033 1258 scholarum
1062 1237 1152 1268 quas
1181 1228 1251 1269 filii
1282 1231 1498 1273 frequenta-

245 1273 378 1303 verant
401 1271 549 1313 (quibus
569 1270 638 1312 filii
659 1272 930 1311 interfuerant)
955 1273 1161 1304 mercedem.
1304 1304 1307 1309 ,

90 1314 209 1346 254.-
227 1315 260 1346 2.
284 1325 437 1348 suarum
461 1317 593 1358 mayis,
618 1325 725 1357 quam
749 1318 821 1358 sui,
846 1326 989 1347 caussa.
1039 1316 1091 1348 Cf.
1117 1319 1159 1348 ad
1187 1319 1261 1358 190,
1285 1319 1317 1351 2.

91 1361 213 1393 255.-
232 1361 283 1392 11.
307 1362 467 1393 studium
489 1370 593 1392 suum
617 1377 659 1382 —
683 1360 879 1400 facultatis
913 1362 1055 1393 modum
1083 1364 1301 1396 consulebat.
1347 1366 1422 1398 Hoc
1447 1370 1499 1400 sic

249 1406 334 1439 dixit
356 1409 392 1438 ut
415 1406 670 1445 Quinctilianus
695 1408 854 1438 [titinium
878 1416 1005 1448 saum,
1030 1416 1139 1439 aures
1162 1418 1266 1451 suas,
1290 1412 1386 1442 vires
1409 1422 1497 1445 saas

247 1453 433 1484 consulere
457 1454 478 1483 i.
504 1460 534 1483 e.
560 1452 604 1483 ab
628 1453 673 1482 iis
697 1456 820 1491 petere
844 1453 1038 1483 consilium.

112 1513 148 1519 -
179 1514 215 1520 —
231 1497 286 1529 17.
310 1497 360 1529 ad
382 1506 541 1529 mensam
564 1497 741 1528 adhibere.
789 1497 910 1538 Longe
934 1501 990 1528 est
1014 1499 1175 1530 usitatius
1200 1500 1235 1531 in
1259 1500 1326 1533 hac
1349 1511 1390 1534 re
1413 1512 1495 1536 coe-

246 1551 314 1575 nae
337 1543 558 1574 vocabulum.

91 1587 212 1621 256.—
227 1588 260 1619 9.
282 1589 387 1629 {lenio
416 1588 564 1620 saeculi.
617 1587 763 1618 Saeculz‘
792 1588 918 1628 „qenins
948 1589 1063 1619 nullus
1094 1594 1166 1628 est,
1201 1590 1263 1622 sed
1292 1594 1494 1637 saeculum,

245 1632 308 1665 sed
331 1642 406 1666 mos
428 1634 463 1665 et
484 1633 625 1664 natura
646 1633 780 1664 saeculi
792 1655 804 1674 ,
841 1634 901 1664 sed
935 1635 1034 1665 ratio
1064 1636 1171 1676 atque
1194 1637 1381 1669 inclinatio
1405 1640 1496 1672 tem—-

245 1687 386 1719 porum.
434 1678 512 1709 Vid.
535 1677 662 1709 Krebs.
688 1686 771 1718 pag.
790 1678 868 1709 370.
893 1688 945 1718 sq.

108 1740 143 1747 —
173 1723 282 1755 -20,
310 1723 420 1763 Quasi
449 1732 534 1756 vero
566 1740 607 1744 —
632 1723 783 1754 dixisset
803 1738 847 1746 —-
871 1726 937 1755 aut
967 1726 1071 1765 quasi
1101 1734 1173 1757 non
1203 1743 1248 1750 —
1276 1729 1495 1763 ostendisset.

244 1768 353 1800 Immo
381 1768 491 1808 Quasi
514 1777 599 1800 vero
623 1786 664 1791 -—
688 1769 827 1801 ‹limet-it
848 1786 889 1790 ——
914 1771 981 1801 aut
998 1771 1102 1811 quasi
1125 1780 1197 1803 non
1222 1788 1262 1795 —
1287 1775 1494 1809 ostenderit.

246 1813 299 1846 Cf.
325 1814 463 1855 Zumpt.
487 1813 546 1844 Gr.
572 1814 611 1844 L.
637 1814 670 1852 §-
696 1813 768 1844 572.

90 1859 211 1892 253—
228 1860 261 1890 3.
285 1860 316 1891 si
338 1868 440 1901 quae.
490 1857 542 1890 Cf.
568 1858 611 1890 ad
636 1859 798 1899 pag-86,
823 1858 898 1890 14.‘

67 1910 69 1912 '
109 1922 144 1927 —
174 1904 260 1938 —4.
283 1905 570 1946 propinquam-im.
617 1905 691 1935 Hoc
715 1905 836 1936 vocab.
870 1905 980 1936 adhuc
1017 1915 1186 1946 nusquam
1218 1914 1397 1949 repertum
1429 1911 1496 1945 fuit

245 1951 314 1982 nisi
334 1951 369 1981 iu
394 1950 545 1990 quadam
570 1949 730 1988 iuscript.
756 1951 846 1989 apud
871 1949 1014 1982 Fabret.
1038 1960 1117 1992 pag.
1143 1952 1230 1992 169„
1254 1961 1495 1991 verumtamen

245 1996 337 2027 bene
360 1995 551 2027 formatum
575 1998 629 2025 est
652 2002 720 2026 nec
744 1995 882 2026 videtur
899 1997 1139 2037 reficiendum,
1162 2002 1372 2038 praesertim
1389 2012 1495 2043 quum

245 2043 348 2072 etiam
373 2040 579 2082 puynatrioe
602 2039 774 2071 habeatur
807 2040 896 2079 apud
921 2041 1082 2073 prudent.
1110 2046 1144 2073 et.
1168 2045 1338 2078 Ammian.
1387 2048 1494 2080 Cete-

244 2087 369 2127 roquin
392 2085 525 2118 vindex
548 2085 616 2116 dici
641 2088 778 2124 poterat
802 2084 908 2125 (sicut
932 2087 1024 2117 infra
1050 2095 1127 2129 pag.
1153 2089 1241 2129 259,
1265 2090 1313 2132 1.)
1343 2097 1403 2125 aut
1425 2095 1493 2126 de-

243 2132 422 2173 s'enstrioe,
445 2132 475 2162 si
499 2138 622 2163 verum
646 2134 711 2172 est,
739 2130 948 2163 Ciceronem
974 2134 1008 2163 in
1022 2133 1164 2166 Timaeo
1189 2135 1253 2168 hac
1277 2146 1366 2170 voce
1392 2148 1492 2173 usum

243 2185 338 2209 esse.

108 2239 145 2246 -
173 2239 209 2246 —
228 2222 280 2255 lo.
307 2222 351 2255 ab
374 2231 413 2255 eo
436 2222 518 2255 inde
542 2223 710 2264 tempore.
758 2221 865 2255 Immo
898 2223 970 2256 iam
994 2224 1075 2256 inde
1098 2224 1143 2257 ab
1166 2235 1206 2258 eo
1230 2226 1400 2270 tempore.
1445 2231 1491 2263 cf.

244 2268 390 2309 adpag.
414 2268 493 2310 241,
515 2267 571 2300 20.
694 2289 700 2295 -

107 2329 145 2337 —-
176 2313 283 2345 —14.
309 2322 439 2346 novum
462 2313 632 2355 Lugduni
655 2313 842 2345 cedvenam.
891 2312 945 2345 Cf.
971 2313 1013 2345 ad
1040 2314 1116 2355 113,
1144 2316 1197 2348 17.

87 2360 209 2391 259.-
225 2362 317 2391 extr.
341 2360 411 2390 m‘sz'
425 2360 548 2400 ipsius.
581 2358 686 2391 Certe
701 2360 757 2390 sui
773 2360 886 2400 ipsius
902 2368 966 2397 pro
985 2361 1098 2400 simpl.
1112 2363 1234 2402 ipsius.
1252 2364 1298 2395 cf.
1311 2366 1353 2396 ad
1366 2365 1445 2408 254,
1457 2367 1490 2399 2.

87 2404 256 2437 262.-¹7.
281 2405 319 2436 in
353 2405 577 2436 saecularem
612 2405 829 2436 memoriam.
892 2405 969 2436 Non
1006 2414 1108 2438 unam
1145 2408 1189 2439 ob
1227 2416 1368 2442 causam
1403 2414 1492 2445 haec

246 2450 357 2482 verba
380 2449 612 2490 vituperanda
641 2453 734 2481 sunt.
783 2450 934 2481 Primum
967 2452 1058 2482 enim
1088 2460 1158 2484 non
1190 2459 1267 2485 erat
1296 2455 1376 2487 iliud
1406 2467 1491 2490 sae-

242 2495 380 2537 culum,
404 2496 466 2526 sed
489 2503 661 2527 annorum
687 2496 714 2525 L
738 2496 908 2535 spatium
932 2495 1055 2527 deiude
1077 2498 1115 2528 in
1138 2502 1343 2533 memoriam
1368 2503 1490 2536 Latine

241 2549 310 2572 uon
336 2541 475 2572 dicitur,
522 2541 743 2580 Quapropter
766 2543 819 2571 sic
843 2541 1062 2573 scribendum
1087 2543 1223 2577 fuerat:
1253 2546 1303 2578 acl
1325 2547 1490 2582 recolen-

241 2586 327 2618 dam
350 2587 557 2618 memoriam
581 2586 796 2627 impetratae
820 2589 886 2618 ete.

106 2648 142 2653 —
173 2647 208 2653 —
224 2630 279 2662 11.
302 2632 599 2672 progsraiizmatis.
646 2631 724 2662 Vid.
748 2631 874 2662 Krebs.
898 2632 921 2662 l.
946 2633 967 2663 1.
993 2640 1069 2674 pag.
1095 2634 1172 2665 639.

107 2693 143 2699 -
173 2693 209 2698 —
226 2680 315 2707 extr.
341 2677 448 2708 locos.
493 2676 574 2708 Vid.
599 2676 641 2707 ad
666 2685 744 2717 pag.
770 2675 826 2717 12,
848 2676 903 2708 20.

85 2720 205 2754 263.-
219 2721 275 2753 20.
300 2720 549 2763 Professorem
571 2721 720 2762 depono.
744 2724 765 2753 i.
785 2729 815 2752 ε.
840 2722 1060 2755 professoris
1085 2733 1270 2764 personam
1295 2728 1432 2769 depono
1456 2739 1486 2764 s,

243 2774 347 2798 exuo.
396 2766 499 2798 Ovid.
522 2768 661 2799 Metam.
686 2767 732 2805 X,
756 2765 832 2798 105.
857 2769 1029 2809 siquidem
1056 2769 1239 2809 Cybeleius
1250 2771 1348 2806 Attis
1371 2775 1491 2809 Eri-uit

245 2811 316 2850 hac
337 2811 509 2846 hominem
533 2810 569 2854 (i.
587 2821 618 2845 e.
644 2813 794 2845 formam
817 2813 978 2855 hominis)
1003 2815 1201 2859 truncoque
1224 2818 1390 2852 induruit
1410 2822 1487 2855 ilco.
