1833 3237
899 186 1167 225 -9ss..

332 297 690 345 EmendationibuS,
722 294 763 346 *J
791 299 955 345 uterque
984 301 1142 336 recente
1173 299 1301 335 adhuc
1328 300 1541 338 domestico
1569 299 1733 338 vulnere
1756 334 1763 343 ,

332 355 579 402 Ruhnkenii,
611 364 772 400 quorum
802 355 886 402 ipse
915 356 1100 402 quasdam
1130 356 1217 392 sive
1247 356 1538 394 observationes
1568 357 1654 393 sive
1684 367 1735 394 e-

330 411 596 449 mendationes
625 411 929 458 reprehenderat
958 413 997 448 in
1028 413 1431 449 animadversionibus
1464 414 1513 449 ad
1541 413 1731 452 Rutilium

332 469 496 514 Lupum.
557 467 634 504 Sed
665 467 755 504 illos
786 478 919 505 omnes
948 469 1064 505 facile
1094 470 1376 506 contemnebat.
1435 469 1571 517 Magis
1600 480 1733 506 move-

331 524 445 559 batur
471 523 785 561 animadvertens
814 526 960 562 amicos
992 526 1174 572 quosdam
1216 536 1309 562 suos
1341 525 1511 561 inimicis
1549 526 1738 573 arridere,

330 579 456 626 ipsum
497 580 673 617 irridere.
741 581 839 618 Nolo
879 582 1011 617 horum
1054 582 1207 618 nomina
1245 582 1430 628 prodere:
1476 584 1587 617 erant
1627 585 1737 618 certe

330 636 395 681 qui
423 647 467 673 se
497 636 722 674 Ruhnkenii
753 637 898 674 amicos
922 638 998 674 dici
1032 638 1244 684 haberique
1274 639 1433 689 vellent,
1464 638 1567 684 iique
1596 636 1635 673 in
1666 638 1736 674 Li·

330 692 426 728 teris
457 693 559 729 haud
590 692 759 731 obscuri.
819 695 914 731 Erat
945 698 984 730 et
1013 694 1114 731 alius
1144 694 1303 742 amicus,
1336 695 1446 730 homo
1483 693 1737 741 semidoctus,

230 751 311 787 161
329 749 395 795 qui
413 752 452 786 et
474 749 561 796 ipse
582 750 724 795 aliquis
747 760 835 786 esse
854 751 994 797 vellet,
1024 747 1084 798 ”J
1108 753 1146 787 et
1165 762 1186 786 a
1208 751 1442 787 Ruhnkenio
1463 761 1581 796 saepe
1599 750 1736 786 admo-

329 806 448 857 nitus,
473 809 515 842 ut
536 810 614 842 tum
640 806 789 842 deinum
811 806 859 842 de
880 806 1024 843 Literis
1046 807 1252 853 iudicaret,
1284 817 1399 853 quum
1419 817 1486 842 eas
1508 808 1607 843 bene
1628 807 1736 842 didi-

328 861 460 908 cisset,
491 861 789 898 admonitionem
818 863 947 908 inique
968 863 1182 911 accipiens,
1213 873 1297 899 eam
1325 864 1423 899 male
1446 863 1612 899 dicendo
1630 863 1736 899 ulci-

327 919 386 954 sci
408 919 706 966 adgrederetur,
740 918 932 965 arripiens
954 920 1186 957 calumniam
1206 919 1449 955 sermonibus
1471 919 1741 965 imperitorum

327 974 508 1011 iactatam
539 975 588 1011 de
618 975 842 1012 Ruhnkenii
873 976 1019 1012 scholis
1049 979 1091 1012 ut
1122 977 1248 1012 minus
1283 976 1464 1012 iucundis
1495 976 1542 1011 ad
1573 986 1730 1012 sensum

326 1032 604 1077 profectusque
635 1031 960 1077 adolescentium,
1000 1031 1111 1077 eique
1141 1041 1215 1068 non
1247 1033 1357 1068 modo
1386 1031 1600 1077 Klotzium,
1632 1032 1737 1067 Bur-

325 1097 530 1132 mannum,
571 1087 854 1134 Schraderum,
895 1088 963 1123 sed
995 1088 1126 1124 nescio
1168 1097 1280 1134 quem
1318 1087 1487 1124 Scholae
1529 1088 1735 1124 Rectorem

325 1146 593 1192 anteponeret,
625 1143 688 1189 qui
731 1143 965 1179 discentium
1005 1144 1152 1181 animos
1192 1143 1477 1190 enthusiasmo,
1525 1146 1568 1180 ut
1593 1143 1740 1190 aiebat,

325 1199 590 1236 incenderent.
657 1199 778 1246 Atqui
820 1200 895 1236 iste
934 1200 1085 1236 illorum
1115 1201 1295 1237 laudator
1329 1199 1505 1236 tantillus
1537 1202 1620 1235 erat
1659 1200 1735 1235 ho-

324 1257 554 1303 munculus,
595 1257 680 1303 qui,
720 1259 863 1301 quanta
892 1255 930 1292 in
974 1257 1208 1294 Ruhnkenio
1237 1260 1344 1294 esset
1381 1255 1579 1292 doctrinae
1607 1256 1737 1302 copia,

323 1316 547 1358 quantaque
576 1312 727 1359 ingenii
757 1312 996 1360 magnitudo,
1029 1324 1077 1349 ne
1106 1313 1298 1360 suspicari
1328 1312 1480 1359 quidem
1511 1315 1665 1359 posset:
1698 1315 1737 1348 et

326 1371 452 1405 tamen
489 1369 590 1415 apud
632 1369 832 1415 imperitos
873 1369 993 1406 veluti
1032 1380 1170 1407 censor
1200 1371 1248 1406 de
1278 1371 1547 1407 Professorum
1587 1369 1735 1406 meritis

326 1425 585 1472 laudibusque
624 1425 841 1471 statuebat,
890 1436 1110 1474 magnaque
1145 1426 1376 1463 auctoritate
1416 1426 1582 1463 valebat.
1639 1425 1736 1469 Quis

327 1485 512 1529 nostrum,
546 1482 581 1518 si
610 1481 827 1518 istiusmodi
858 1480 1054 1519 iudicibus
1084 1484 1356 1529 subiiciamur,
1390 1492 1464 1517 non

438 1549 549 1586 Ultra
579 1551 832 1586 Sauromatas
862 1550 1002 1597 fugere
1033 1549 1123 1586 hinc
1153 1551 1249 1587 velit
1279 1553 1315 1586 et
1346 1548 1554 1597 glacialem

438 1603 666 1641 Oceanum?
685 1601 764 1654 ***]

437 1683 698 1721 Ruhnkenius
729 1694 826 1720 suae
861 1694 906 1719 se
935 1683 1093 1720 virtutis
1124 1682 1365 1720 conscientia
1404 1687 1441 1720 et
1471 1686 1577 1721 recte
1606 1684 1736 1721 senti-

326 1739 473 1777 entium
524 1740 747 1776 testimonio
788 1740 983 1777 tuebatur.
1045 1738 1221 1776 Omnium
1264 1740 1472 1786 peritorum
1502 1740 1647 1778 iudicio
1689 1751 1737 1776 ea

321 1800 409 1841 ⁴erat
440 1799 581 1843 aetate,
612 1795 764 1843 ingenii
795 1795 1073 1841 doctrinaeque
1099 1795 1393 1848 magnitudine„
1414 1799 1457 1832 ut
1486 1806 1561 1832 non
1591 1797 1738 1843 ampli-

325 1864 372 1889 us
416 1852 576 1888 deberet
615 1852 770 1888 erudire
811 1852 957 1888 tirones
970 1879 980 1899 ,
1030 1851 1100 1887 sed
1129 1851 1270 1887 docere
1309 1854 1518 1888 veteranos
1558 1855 1597 1889 et
1625 1852 1736 1899 ipsos

326 1909 520 1955 doctores,
551 1918 597 1944 ac
627 1911 820 1953 tamquam
835 1908 1041 1944 Musarum
1071 1907 1235 1943 antistes
1255 1918 1329 1944 non
1361 1909 1493 1945 rudem
1524 1912 1563 1944 et
1597 1898 1735 1955 prora-⁸

327 1977 412 2002 nam
436 1965 584 2001 turbam
615 1964 846 2009 instituere,
875 1963 1124 2000 sedinitiatos
1144 1963 1192 1998 ad
1212 1959 1395 2001 ἐποπτικά
1406 1961 1467 2014 ᾧ)
1492 1968 1529 2000 et
1552 1964 1736 2001 interiora

235 2026 314 2064 162
330 2022 518 2068 mysteria
549 2021 764 2067 adducere,
810 2020 964 2057 omnino
995 2020 1297 2056 Atheniensium
1327 2021 1525 2069 exemplo,
1565 2025 1608 2057 ut
1639 2021 1737 2057 civis

327 2078 376 2114 de
417 2077 542 2125 patria
572 2077 736 2126 egregie
766 2077 956 2126 meritus,
1004 2076 1194 2112 confectis
1235 2076 1467 2125 stipendiis,
1506 2077 1661 2124 publice
1698 2077 1737 2113 in
1780 2105 1787 2114 ,

326 2137 519 2180 Prytaneo
557 2134 624 2171 ali.
685 2135 769 2170 Hoc
798 2144 843 2170 se
872 2131 1091 2169 testimonio
1122 2133 1377 2170 sustentabat.
1442 2133 1625 2170 Attamen
1657 2134 1736 2170 du-

326 2202 410 2228 rum
441 2190 645 2227 accidebat
683 2190 827 2227 amicos
858 2188 1028 2236 experiri
1058 2188 1246 2237 perfidos,
1288 2199 1384 2235 quos
1415 2190 1511 2226 fidos
1542 2191 1734 2227 duxisset.

326 2247 425 2292 Quid
475 2247 577 2284 enim
609 2246 682 2284 nisi
723 2245 888 2294 perfidos
934 2244 1174 2292 appellemus
1213 2245 1433 2281 istiusmodi
1480 2243 1657 2283 amicos?
1702 2245 1738 2282 si

326 2437 359 2473 ⁴]
384 2435 500 2466 Praef.
528 2444 560 2474 p.
585 2435 630 2466 LI
659 2451 698 2458 —
730 2422 821 2466 Liv.
846 2443 947 2466 suum
982 2436 1061 2474 sibi,
1099 2436 1188 2476 quod
1215 2435 1411 2467 Observatt.
1438 2432 1523 2474 Cap.
1547 2433 1591 2465 V.
1626 2441 1657 2471 p.
1682 2434 1738 2465 54.

373 2482 581 2511 coniecerat
612 2480 702 2519 apud
728 2480 858 2521 virgil.
892 2482 978 2512 Aen.
1006 2480 1033 2521 Ι,
1069 2480 1144 2512 134.
1187 2481 1255 2511 Vos
1286 2488 1364 2520 mv,
1398 2481 1531 2511 acriter
1554 2478 1737 2509 vindicans

371 2525 541 2557 adversus
572 2527 793 2557 verissimam
830 2527 931 2557 simul
965 2534 1006 2557 ac
1038 2526 1263 2557 lenissimam·
1289 2525 1508 2565 Ruhnkenii‚
1547 2523 1739 2555 Schraderi

371 2571 504 2602 nomini
530 2572 726 2611 parcentis,
761 2571 1070 2609 reprehensionem
1102 2571 1331 2611 ati-Aquilam
1361 2571 1462 2602 Rom.
1492 2578 1524 2609 p.
1551 2568 1627 2600 147.

1499 2613 1724 2645 BERGMAN

326 2669 371 2710 ”J
397 2671 476 2703 Vid.
499 2678 606 2711 supra
630 2679 710 2710 pag.
735 2671 790 2702 77.
815 2672 868 2704 ed.
895 2681 946 2714 pr.
994 2673 1066 2704 FR.

328 2727 387 2766 m)
411 2728 566 2760 luvenal.
595 2729 655 2759 Sat
686 2728 726 2767 ll,
754 2729 785 2760 1.

330 2783 373 2827 ἦ)
398 2784 452 2817 Cf.
475 2783 679 2817 stallbaum.
715 2784 758 2816 ad
791 2784 1071 2823 Plat.syn1pos,
1108 2789 1183 2821 cap.
1211 2783 1265 2814 28.
1307 2791 1359 2821 pr.
1385 2783 1458 2815 PR.
