1833 3237
655 221 854 262 -101
931 245 982 251 —

108 337 336 374 batavorum-
372 344 473 370 anno
512 333 551 370 h.
591 346 624 370 s.
661 335 951 382 septuagesimo
991 337 1118 372 sexto.
1193 337 1305 372 Hane
1344 335 1520 382 equidem

109 403 185 429 non
208 392 336 435 dubito
365 390 616 427 immortalem
645 391 859 437 appellare.
919 386 1092 427 Similem
1114 400 1270 438 operam
1294 392 1519 439 porphyrio,

109 447 376 493 condiscipulo
408 450 447 482 et
475 447 628 492 aequali
658 446 842 494 Longini,
874 450 1088 482 navaverat
1125 447 1330 493 superiore
1359 447 1519 484 saeculo

108 505 239 540 Lucas
279 502 528 548 Holstenius,
568 502 858 538 eruditissimus
898 502 975 537 vir:
1019 506 1069 546 et,
1110 502 1239 539 iudice
1270 504 1521 551 Ruhnkenio,

107 560 164 594 ita
192 565 271 595 rem
302 561 498 606 gesserat,
517 561 560 593 ut
581 558 727 603 primus
758 557 981 594 huiusmodi
998 557 1189 594 historiae
1210 559 1308 595 bene
1336 559 1520 596 scribon,-

107 615 181 650 dae
210 614 581 660 exemplumdaret.
638 614 898 650 Ruhnkenius
938 613 1184 650 Holstenium
1215 625 1302 650 cum
1333 614 1520 651 materiae

107 670 236 717 copia,
275 674 356 706 tum
396 672 502 705 certe
533 670 678 704 formae
719 669 915 716 elegantia
945 669 1158 714 superavit.
1220 670 1332 716 Nam,
1362 671 1401 706 in
1434 681 1521 706 ma-

107 727 214 762 teria
231 726 384 761 nullum
414 728 498 760 erat
528 728 700 761 veterum
722 735 850 772 genus
867 728 1210 770 monumentorum,
1229 727 1375 761 nullum
1393 728 1522 762 Grae-

108 791 239 817 corum
263 802 265 805 -
288 781 590 826 Latinorumque
638 782 908 827 Scriptorum,
972 781 1119 816 nullum
1172 782 1518 818 Grammaticorum

108 837 483 883 Scholiastarurnve‚
514 847 600 872 cum
631 837 832 882 editorum,
864 840 944 872 tum
974 836 1224 885 ineditorum,
1255 847 1398 885 genus»,
1429 837 1521 883 quin

108 893 146 929 id
176 892 440 930 Ruhnkenius
470 893 638 939 legendo
669 894 964 942 pertractasset,
997 893 1097 928 unde
1127 893 1361 937 reconditas,
1393 893 1521 928 nemi-

110 948 149 984 ni
187 948 391 998 cognitas,
440 948 524 982 fere
562 951 778 993 emortuas,
812 957 899 982 cum
937 957 1064 982 rerum
1104 952 1307 994 gestarum
1351 949 1521 992 notitias,

108 1007 190 1040 tum
227 1003 492 1039 doctrinarum
542 1003 729 1048 reliquias
778 1006 1035 1048 expromeret.
1109 1003 1261 1039 Deinde
1307 1004 1346 1038 in
1387 1005 1523 1046 forma,

107 1059 364 1105 disponendis
394 1059 572 1104 partibus
601 1059 649 1093 ad
681 1058 1021 1105 perspicuitatem,
1051 1062 1090 1094 et
1119 1060 1231 1104 quasi
1263 1060 1443 1094 membris
1475 1059 1522 1094 ad

110 1115 313 1160 quamdam
353 1114 529 1159 corporis
566 1115 827 1161 integritatem
867 1114 1168 1160 componendis,
1210 1115 1257 1150 ad
1300 1115 1523 1150 historicam

110 1171 306 1206 rationem*
335 1170 649 1216 conformandis,
691 1170 950 1206 Ruhnkenius
992 1173 1030 1205 et
1070 1173 1209 1206 natura
1240 1175 1277 1205 et
1309 1181 1383 1205 usu
1415 1171 1522 1206 vale-

109 1226 198 1263 bat:
238 1227 337 1261 alter
367 1226 415 1260 de
447 1226 521 1261 hoe
559 1226 688 1261 officio
720 1237 768 1262 ne
799 1226 1000 1273 cogitasse
1030 1226 1184 1271 quidem
1215 1226 1388 1261 videtur:
1432 1229 1471 1261 et
1501 1237 1526 1260 a

109 1283 209 1319 bene
247 1281 444 1318 scribendi
483 1281 694 1328 facultate,
746 1292 847 1327 quae
884 1282 923 1316 in
964 1281 1202 1318 Ruhnkenio
1247 1291 1395 1317 summa
1434 1281 1524 1325 fuit,

108 1341 260 1373 tantum
289 1337 428 1385 abfuit,
460 1337 528 1373 vix
556 1340 601 1373 ut
629 1337 678 1372 ad
708 1347 792 1372 eam
822 1337 1053 1382 adspiraret.
1125 1336 1303 1383 Denique
1334 1348 1356 1371 a
1385 1337 1525 1373 iudicii

109 1393 280 1433 uanitate
300 1396 340 1429 et
357 1393 558 1440 elegantia
586 1393 694 1429 illum
726 1393 957 1438 superstitio
980 1403 1099 1439 saepe
1131 1394 1296 1439 avertit;
1327 1393 1525 1430 Ruhnke-

109 1449 216 1486 nium
246 1449 349 1496 quod
379 1452 588 1496 averteret,
621 1450 673 1485 nil
705 1449 792 1485 fuit.
851 1450 980 1497 Igitur
1010 1449 1075 1484 hic
1117 1449 1201 1484 eius
1231 1449 1392 1486 libellus
1422 1449 1523 1495 apud

107 1505 493 1554 intelligentissimos
522 1506 696 1551 iudices,
726 1505 892 1552 triplicis
930 1505 1047 1551 artis,
1088 1506 1301 1552 Historiae,
1339 1505 1525 1554 Criticae,

109 1562 377 1608 Eloquentiae,
406 1562 571 1607 palmam
603 1562 705 1599 tulit.

223 1638 502 1675 Bibliothecam
543 1639 728 1675 criticam
772 1638 946 1674 scribere
985 1638 1208 1674 instituenti
1239 1637 1409 1686 (1777.)
1439 1638 1525 1684 pri-

111 1705 214 1731 mum
252 1695 456 1731 dissuasor
493 1694 612 1744 mihi,
664 1694 805 1729 deinde
850 1704 988 1730 suasor
1026 1694 1103 1729 fuit
1141 1694 1316 1730 consilii:
1329 1690 1368 1741 Ἴ
1411 1694 1526 1730 cuius

111 1753 250 1798 postea
281 1753 458 1787 neutrum
489 1750 694 1796 poenituit.
752 1750 854 1786 Nam
885 1750 961 1785 nisi
1003 1750 1158 1795 publice
1188 1750 1404 1786 Literarum
1435 1753 1526 1786 stu-

110 1807 188 1843 diis
219 1807 378 1854 profuit,
410 1806 590 1852 privatim
622 1809 730 1841 certe
760 1810 892 1840 nostra
922 1806 1090 1841 invicem
1121 1815 1340 1841 sermonum
1372 1806 1525 1851 episto-

110 1863 313 1908 larumque
352 1862 584 1897 commercia
606 1880 612 1885 ·
634 1861 901 1907 frequentiora
937 1861 1127 1896 reddidit:
1172 1861 1314 1907 quibus
1366 1865 1405 1897 et
1444 1861 1526 1908 ille,

112 1918 187 1965 quo
229 1920 447 1967 erat'erga
484 1927 545 1952 me
575 1927 718 1962 amore,
750 1926 990 1964 magnopere
1021 1927 1065 1952 se
1096 1917 1284 1953 delectari
1315 1917 1526 1963 fatebatur,

112 1978 152 2011 et
170 1970 267 2022 ego
304 1983 391 2010 cum
432 1973 632 2008 scribendi
671 1972 966 2017 exercitatione,
1010 1975 1090 2007 tum
1135 1973 1244 2008 illius
1285 1972 1442 2008 monitis
1481 1979 1529 2008 ae

111 2017 333 2076 praeceptis
370 2029 608 2087 aliquantum
639 2027 687 2062 ad
728 2027 878 2073 iudicii,
908 2027 1126 2078 doctrinae,
1156 2031 1194 2063 et
1225 2028 1425 2076 orationis,
1458 2028 1526 2064 fa-

113 2084 301 2156 cultatem
327 2083 488 2130 profeci.

178 2147 324 2203 Tum
363 2162 607 2197 Burmannus
655 2160 883 2207 Secundus,
935 2160 1115 2196 abdicata
1168 2160 1526 2196 Amstelodamensi

111 2203 312 2267 cathedra,
358 2217 553 2263 reliquum
598 2216 702 2252 vitae
746 2217 939 2252 otiaturus
977 2216 1018 2251 in
1057 2215 1380 2252 Santhorstanum
1411 2226 1525 2253 suum

112 2265 324 2322 concessit,
345 2283 391 2307 ac
411 2283 480 2319 per
501 2272 674 2308 viciniae
696 2272 1038 2321 opportunitatem,
1061 2280 1178 2316 opera
1195 2271 1409 2312 communis
1428 2272 1524 2306 ami-

113 2329 167 2375 cii
195 2327 400 2377 Laurentii
428 2329 622 2389 Sauteniit,
659 2338 745 2363 cum
790 2327 1023 2363 Ruhnkenio
1052 2327 1091 2362 in
1122 2327 1305 2373 gratiam
1320 2327 1448 2362 rediit.
1463 2321 1523 2373 ”J

114 2384 347 2434 Citfflfflfaffl
377 2384 464 2426 eius
495 2388 575 2419 tres
604 2384 643 2418 in
676 2383 808 2428 primis
840 2383 1023 2428 petebant
1053 2381 1260 2420 candidati.
1286 2383 1377 2428 Ipse
1393 2379 1523 2419 Cura-

113 2441 262 2486 toribus
294 2439 587 2486 commendabat
615 2439 868 2475 Santenium:
908 2449 968 2474 me
1011 2437 1311 2483 Valckenarius,
1343 2442 1381 2474 et
1410 2440 1524 2486 grata

118 2518 302 2549 .·1.‚.1¹,..

115 2616 146 2653 ’“)
171 2617 244 2648 Nec
267 2624 394 2648 suasor
418 2617 532 2656 inodo,
557 2617 618 2648 sed
645 2618 749 2647 etiam
774 2619 913 2652 socius,
939 2615 1166 2646 conferendis
1191 2614 1324 2645 duabus
1349 2616 1522 2652 censuris,

160 2661 274 2693 altera
299 2660 559 2694 &caementarii
581 2662 624 2693 de
648 2661 850 2692 Palaestra
876 2658 1126 2699 Neapolitana
1159 2659 1204 2690 ab
1238 2659 1401 2698 Iqrmrra
1424 2662 1517 2691 seri-

162 2706 225 2744 pti,
249 2706 363 2737 altera
387 2707 498 2737 libelli
532 2705 610 2747 Orp
612 2706 682 2737 Ιιὶεἰ
706 2705 750 2736 de
787 2704 987 2745 lapidabar
1018 2711 1040 2734 a
1074 2703 1278 2741 ΤυνιυΙιὲιΐο
1309 2704 1405 2735 editt.
1442 2704 1519 2734 vid.

148 2749 353 2789 Wyttenb.
371 2751 465 2782 Bibl.
491 2750 579 2782 Crit.
585 2716 686 2781 Ρ.Υοι
711 2749 771 2779 Ill.
796 2749 891 2779 Part.
919 2749 944 2778 l.
972 2755 1049 2787 pag.
1077 2748 1136 2779 Υ.Ι
1177 2748 1249 2779 1⁸.ss

124 2793 249 2832 ⁰.)Cf
274 2801 383 2831 supra
405 2801 486 2834 pag.
512 2795 566 2826 ed.
591 2802 642 2832 pr.
672 2793 746 2825 160.
774 2797 809 2824 et
834 2793 888 2824 92.
939 2793 1015 2823 FB

1557 1342 1637 1377 170
