1816 3233
644 178 958 220 ——161—

90 292 262 342 negotiis
293 294 332 329 et
362 291 529 340 privatis
555 293 773 330 Literarum
805 293 948 330 studiis
979 293 1029 329 ad
1058 294 1313 332 recreandum
1342 294 1513 335 animum

88 353 295 396 supererat
337 352 510 396 tempus,
554 350 629 387 hoc
667 351 834 386 libenter
866 351 1063 386 tribuebat
1092 351 1283 388 eiusmodi
1312 354 1508 390 sermoni·-

89 407 161 443 bus
193 405 572 455 congressibusque‚
612 408 678 443 ubi
711 407 773 443 vel
804 408 852 443 ab
883 407 971 442 aliis
1001 407 1111 455 ipse,
1153 409 1216 443 vel
1246 410 1293 444 ab
1322 410 1409 456 ipso
1439 409 1509 447 alii

88 462 242 499 discere
271 467 447 509 possent.
507 464 833 511 Nonnumquam,
870 466 913 498 ut
946 463 1011 511 fit,
1042 463 1229 500 invitatus
1261 465 1308 500 ad
1340 476 1507 511 vesper-

84 519 206 555 tinam
236 519 436 556 doctorum
467 520 662 555 hominum
694 519 1003 569 sessiunculam,
1032 519 1229 556 incidebat
1259 521 1298 557 in
1330 523 1507 558 ardelio-

84 585 193 619 ncm,
241 576 306 622 qui
344 576 421 612 sibi
465 576 572 611 solus
612 586 751 621 sapere
787 576 1004 619 videretur,
1051 576 1153 612 domi
1189 587 1234 612 se
1271 578 1319 613 ad
1359 583 1505 615 certum

85 632 277 678 quoddam
308 631 532 677 disputandi
563 635 832 679 argumentum
865 634 1064 678 parasset,
1102 635 1141 667 et
1167 633 1281 678 quasi
1311 638 1506 671 armatura

83 687 351 734 instruxisset,
380 691 460 723 tum
492 687 540 724 de
570 698 616 723 eo
648 698 863 724 sermonem
893 688 1073 724 iniiciens
1096 699 1142 724 ac
1166 689 1379 736 disserens,
1408 701 1504 727 eru-

83 740 299 780 ditissimos
340 754 514 790 quosque
552 745 815 791 praesentium
855 745 1095 792 lacesseret,
1138 748 1198 795 et,
1239 756 1310 781 suo
1351 747 1503 792 quidem

82 799 249 846 iudicio,
287 799 327 835 in
363 800 559 846 triumpho
590 801 764 838 duceret.
825 801 1051 837 Istiusmodi
1091 801 1330 837 ardelionum
1370 803 1502 849 impu-

83 855 254 892 dentiam
292 857 615 892 Hemsterhusius
655 859 741 893 fere
781 857 939 892 silentio
977 857 1228 904 repudiabat,
1273 858 1501 895 Valckena-
1519 857 1602 894 2¹70

79 913 163 948 rius
202 912 452 949 cavillatione
488 913 694 964 eludebat,
738 913 999 949 Rulinkenius
1041 913 1151 948 brevi
1191 914 1502 963 interrogatione

81 970 328 1005 confutabat:
369 972 584 1014 caeterum,
626 969 690 1005 hic
729 970 904 1016 quidem,
947 969 1070 1005 semel
1108 969 1326 1016 iterumque
1366 971 1502 1008 harum

80 1025 413 1061 sessiuncularum
446 1025 575 1061 taedio
602 1025 810 1069 devorato,
851 1026 902 1061 iis
940 1026 979 1061 in
1020 1029 1250 1071 perpetuum
1289 1027 1503 1064 valedixit:

80 1082 206 1118 satius
236 1082 440 1129 iudicans,
479 1092 567 1117 cum
597 1082 686 1118 aliis
717 1082 961 1118 confabulari
993 1082 1080 1117 sive
1111 1083 1237 1118 doctis
1267 1083 1354 1118 sive
1384 1083 1502 1119 indo-

80 1138 169 1184 ctis,
197 1138 310 1174 modo
339 1139 378 1174 in
410 1148 483 1173 sua
511 1141 597 1174 arte
626 1138 778 1186 pei-itis,
809 1142 847 1174 et
877 1137 1063 1174 modestis
1094 1142 1133 1173 et
1162 1139 1341 1174 candidis
1367 1139 1503 1176 homi-

80 1194 218 1241 nibus,
249 1195 522 1241 venatoribus,
552 1195 738 1241 musicis,
769 1195 996 1241 opificibus,
1027 1195 1239 1242 agricolis,
1279 1195 1501 1232 similibus-

81 1260 180 1296 que,
217 1260 242 1285 a
271 1249 412 1296 quibus
449 1251 535 1296 ipse
573 1250 720 1296 aliquid
760 1255 895 1296 posset
925 1250 1078 1293 doceri,
1120 1254 1187 1285 aut
1226 1251 1291 1295 qui
1329 1251 1377 1286 ab
1417 1251 1500 1296 ipso

80 1306 213 1343 doceri
242 1306 409 1343 vellent:
450 1306 585 1342 horum
625 1307 726 1343 enim
767 1306 973 1352 colloquiis
1013 1310 1165 1352 tempus
1196 1317 1283 1342 cum
1314 1307 1502 1343 iucundi-

78 1363 173 1399 tatis
214 1365 254 1399 et
290 1362 548 1399 recreationis
587 1363 721 1399 fructu
759 1364 947 1410 transire,
987 1363 1140 1399 illorum
1172 1363 1502 1409 disputationibus

79 1430 165 1455 cum
196 1419 376 1456 molestia
405 1430 453 1456 ac
481 1419 768 1468 defatigatione
796 1420 937 1466 perire.

218 1476 316 1512 Tale
359 1476 562 1524 ingenium
603 1477 710 1522 quali
747 1477 786 1513 in
828 1487 1012 1526 corpore,
1058 1478 1252 1522 tamquam
1292 1475 1501 1523 domicilio,

78 1532 326 1580 habitaverit,
359 1533 461 1568 haud
492 1543 514 1567 a
545 1532 741 1579 proposito
772 1534 941 1569 alienum
972 1533 1023 1568 sit
1052 1542 1307 1578 cognoscere.
1367 1534 1501 1570 Natu-

77 1599 159 1625 ram
190 1589 265 1625 hae
294 1589 408 1624 etiam
439 1589 478 1624 in
511 1594 620 1634 parte
651 1593 788 1625 nactus
826 1593 909 1625 erat
946 1589 1178 1637 fautricem,
1219 1600 1318 1635 quae
1357 1599 1500 1635 corpus

78 1645 115 1681 ei
144 1645 357 1693 largiretur
387 1656 524 1682 sanum
555 1648 594 1681 et
622 1646 792 1682 firmum:
833 1646 947 1691 quod,
977 1647 1168 1693 profecto,
1199 1646 1332 1692 magni
1362 1648 1422 1681 est
1452 1646 1500 1681 ad

77 1702 184 1737 vitae
227 1702 458 1738 facilitatem
502 1702 700 1738 momenti.
769 1702 1025 1738 Adolescenti
1070 1703 1135 1748 qui
1177 1702 1300 1738 fuerit
1343 1702 1501 1738 habitus

77 1758 312 1809 vultusque,
352 1769 471 1804 supra
500 1758 874 1806 significavimuS.*)
934 1759 1033 1794 Viro
1064 1769 1111 1793 ac
1140 1762 1324 1803 provecto
1355 1761 1499 1808 aetate,

77 1817 230 1850 statura
258 1815 337 1850 fuit
367 1824 433 1858 ea,
465 1824 563 1860 quae
593 1815 756 1861 dieitur,
788 1818 828 1851 et
859 1816 900 1850 ut
931 1815 978 1849 de
1009 1824 1052 1850 se
1081 1814 1168 1860 ipse
1198 1814 1302 1860 loqui
1334 1814 1500 1861 solebat,

77 1871 290 1917 quadrata,
339 1870 496 1917 propior
543 1874 672 1907 tamen
720 1871 791 1907 illa
839 1870 1077 1918 longitudini
1127 1881 1240 1916 quam
1290 1871 1498 1907 brevitati:

76 1928 249 1964 membra
279 1928 378 1964 bene
408 1932 632 1973 compacta,
664 1927 794 1975 firma,
826 1928 1044 1962 concinna:
1083 1927 1266 1962 valetudo
1296 1937 1499 1975 prospera,

79 1993 200 2030 quae,
238 1983 332 2019 licet
367 1986 457 2019 ante
487 1983 779 2030 sexagesimum
810 1993 953 2017 annum
983 1983 1042 2018 bis
1075 1983 1224 2030 morbo,
1266 1986 1304 2017 et
1327 1984 1392 2026 vab
1432 1983 1499 2019 illo

77 2050 179 2075 anno
218 2039 385 2075 subinde
414 2039 461 2075 ad
494 2050 640 2086 paucos
679 2039 763 2075 dies
803 2038 1029 2086 podagricis
1061 2042 1100 2075 et
1129 2038 1366 2087 chiragricis
1397 2040 1499 2074 affe-

76 2095 273 2131 ctionibus
297 2099 460 2145 tentata,
490 2096 597 2131 nullo
622 2095 734 2131 modo
761 2095 1052 2141 debilitaretur,
1082 2095 1158 2131 nisi
1180 2096 1295 2142 quod,
1324 2098 1500 2131 extrema
1514 2094 1594 2132 2⁵71

76 2152 231 2188 demum
269 2155 496 2195 senectute,
539 2152 699 2188 dextera
739 2162 875 2188 manus
916 2156 1120 2187 tremorem
1160 2151 1250 2186 inde
1290 2151 1495 2198 retineret,

77 2208 143 2254 qui
172 2208 369 2244 scribendi
400 2208 531 2244 officio
561 2208 800 2254 aliquantum
839 2210 1006 2243 obesset.
1064 2209 1291 2252 Caeterum,
1332 2211 1498 2244 naturae

75 2265 177 2300 bona
205 2265 334 2301 studio
364 2275 410 2301 ac
441 2265 648 2313 diligentia
677 2266 807 2307 auxit,
841 2260 1150 2310 Socraticum**)
1181 2269 1344 2299 secutus
1376 2274 1497 2310 prae-

76 2324 254 2369 ceptum,
294 2324 338 2357 ut
375 2331 516 2367 corpus
556 2322 720 2357 haberet
750 2331 825 2356 non
856 2320 1049 2356 dominum
1087 2320 1230 2370 animi,
1270 2320 1340 2356 sed
1375 2319 1496 2356 mini-

79 2380 203 2413 strum
242 2380 510 2422 promtumque
546 2378 859 2414 instrumentum.
922 2379 1024 2412 Puer
1063 2380 1104 2412 et
1133 2376 1364 2412 adolescens
1399 2386 1497 2422 ope-

77 2443 159 2469 ram
197 2434 357 2470 dederat
396 2433 767 2476 exercitationibus,
807 2433 947 2479 quibus
990 2443 1131 2478 corpus
1171 2443 1257 2469 cum
1296 2433 1344 2467 ad
1385 2432 1497 2468 duri-

76 2489 170 2525 tiem
201 2484 250 2526 et'
268 2489 509 2537 agilitatem,
547 2494 625 2525 tum
657 2490 705 2525 ad
735 2489 935 2525 liberalem
966 2489 1140 2525 habitum
1170 2490 1356 2534 vitaeque
1385 2499 1496 2525 usum

77 2546 405 2594 conformaretur,
443 2546 667 2593 saltationi,
707 2546 959 2592 equitationi,
997 2546 1242 2593 palaestrae,
1278 2545 1498 2582 venationi:

74 2675 105 2716 ')
130 2678 212 2709 vid.
237 2687 317 2719 pag.
341 2679 400 2711 29.
424 2687 476 2719 sq.
505 2679 559 2710 ed.
585 2687 637 2718 pr.
663 2679 709 2709 cf.
735 2686 816 2718 pag.
843 2677 918 2709 140.
944 2678 1017 2708 FR.

76 2731 118 2772 ”J
141 2735 344 2812 {ffnqplgig
368 2735 473 2767 Mem.
497 2730 637 2766 Socrat.
658 2733 713 2775 11,
737 2733 769 2775 1,
794 2734 854 2765 28.
879 2735 1016 2765 Similia
1039 2734 1077 2765 in
1100 2734 1238 2775 Agesil.
1256 2736 1289 2775 5,
1313 2734 1345 2765 2.
1371 2733 1499 2766 Cicero

202 2802 210 2812 .
254 2803 262 2821 ‚
338 2802 345 2812 .

1176 2825 1228 2862 11
