1833 3237
227 553 308 590 164

234 1832 315 1871 165

881 214 1188 255 -98-

319 329 592 368 auctoritatem
621 327 895 374 contulerunt3
927 336 1014 364 nam
1054 327 1157 364 idem
1187 327 1262 364 hoc
1292 329 1444 373 tempus
1474 330 1514 365 et
1539 327 1734 366 Villoiso-

320 397 411 423 num
441 386 478 422 ei
517 384 759 432 conciliavit,
800 387 841 421 et
877 384 1079 421 Herelium
1120 382 1463 431 Noribergensem,
1499 388 1540 421 et
1568 384 1735 421 Hottin-

319 451 459 491 gerum
509 440 789 488 Turio-ensem,
837 439 1159 488 elegantissimae
1204 438 1477 475 adolescentes
1524 440 1736 485 doctrinae,

322 495 455 534 multis
495 496 536 533 in
574 496 771 543 publicum
801 495 968 543 proditis
1005 494 1289 542 speciminibus
1315 494 1445 531 claros
1474 505 1576 531 nunc
1615 496 1738 533 viros.

324 551 560 591 Huiusmodi
591 552 814 589 notitiarum
844 550 1180 598 amicitiarumque
1210 551 1313 586 ultro
1351 550 1568 586 oblatarum
1597 551 1738 587 suavi-

323 611 385 644 tas
415 608 575 644 multum
606 608 765 644 valebat
794 608 842 643 ad
873 618 1085 644 moerorem
1115 606 1356 643 domesticae
1373 605 1622 651 calamitatis,
1639 607 1739 643 sub-

324 663 416 699 inde
453 664 786 711 revirescentem,
827 664 1014 710 paulatim
1050 663 1265 699 sanandum
1305 664 1344 698 et
1381 661 1540 707 penitus
1579 662 1739 698 abluen-

327 719 429 756 dum.

443 775 590 812 Attulit
628 785 797 820 sequens
835 784 962 810 annus
992 773 1165 822 (1773.)
1194 776 1348 822 gratum
1378 773 1560 809 literatae
1587 771 1739 809 civitati

323 841 464 868 munus
503 840 623 876 opera
657 830 697 865 in
728 830 864 876 primis
905 830 1146 868 Ruhnkenii.
1205 832 1249 866 ln
1280 830 1497 866 Literarum
1527 828 1742 865 statoribus

325 891 364 923 et
394 885 674 931 interpretibus
715 885 917 923 Ciceronis
958 886 1024 932 qui
1061 885 1218 922 saeculo
1259 886 1408 921 decimo
1444 888 1558 922 sexto
1595 887 1743 921 florue-

325 948 430 990 runt,
476 952 659 989 magnum
699 945 760 978 est
800 952 938 977 nomen
977 941 1203 978 sebastiani
1237 941 1412 986 corradi,
1458 951 1545 978 cum
1575 940 1668 976 aliis
1702 940 1742 976 in

327 998 403 1035 hoc
438 1007 587 1046 genere
626 997 810 1043 operibus
841 997 951 1042 clari,
991 1000 1071 1033 tum
1101 998 1208 1033 edita
1247 998 1498 1041 Quaestum,
1534 994 1666 1032 lib'ello
1703 998 1745 1031 et

330 1053 630 1101 elegantissime
660 1054 821 1100 scripto.
851 1056 891 1088 et
920 1053 969 1088 ad
1002 1052 1206 1088 Ciceronis
1235 1052 1540 1099 intelligentiam
1569 1051 1744 1087 utilissi-

326 1119 401 1145 mo.
460 1108 589 1144 Huius
618 1108 716 1144 duas
749 1118 839 1144 esse
869 1112 1025 1154 partes,
1055 1107 1094 1143 in
1127 1108 1306 1144 neutrius
1335 1108 1450 1143 titulo
1480 1107 1745 1154 significatum

327 1168 435 1211 erat;
478 1164 583 1200 unde
622 1164 791 1212 factum,
832 1167 875 1200 ut
915 1164 1021 1209 prior
1056 1174 1148 1210 pars
1197 1163 1237 1200 in
1277 1163 1474 1199 hominum
1513 1162 1744 1199 oblivionem

327 1221 455 1258 abiret
493 1221 657 1265 eiusque
696 1220 875 1266 exempla
922 1221 1007 1256 fere
1045 1219 1261 1256 interirent.
1328 1221 1414 1256 Hoc
1453 1229 1527 1255 non
1567 1218 1747 1266 fugiebat
1793 1266 1796 1268 ‚

332 1276 634 1313 Ruhnkenium:
683 1277 787 1312 unde
825 1278 1021 1312 Ernestus
1069 1279 1108 1312 et
1146 1275 1305 1322 didicit,
1345 1279 1382 1310 et
1424 1274 1584 1311 alterius
1623 1274 1747 1320 partis

335 1332 556 1379 exemplum
587 1333 755 1379 accepit,
784 1335 824 1367 et
844 1334 1048 1378 utramque
1074 1342 1150 1368 uno
1172 1331 1368 1368 volumine
1389 1331 1510 1367 edidit
1526 1326 1746 1378 Lipsiae,*)

333 1389 515 1425 beneficii
544 1391 742 1424 auctorem
772 1388 812 1424 in
843 1388 1087 1434 praefatione
1117 1397 1336 1424 memorans
1358 1387 1420 1424 his
1439 1386 1596 1423 verbis:
1626 1397 1747 1436 „om-

330 1445 473 1492 „nibus
513 1444 654 1491 aliam,
688 1454 802 1490 quam
844 1453 946 1489 quae
983 1444 1105 1491 vulgo
1145 1445 1292 1491 fertur,
1331 1445 1588 1487 Quaesturam
1625 1443 1747 1491 igno-

329 1501 549 1553 ,‚rantibus‚
587 1520 643 1528 -
683 1500 777 1536 mihi
819 1499 993 1536 Davides
1029 1499 1310 1544 Ruhnkenius‚
1355 1499 1417 1535 vir
1451 1501 1531 1534 tum
1568 1498 1746 1547 aliarum,

329 1560 441 1607 „tum
481 1558 722 1593 Graecarum
753 1555 970 1592 Literarum
1001 1555 1170 1592 scientia
1210 1553 1405 1601 exquisita
1434 1554 1649 1601 praeditus,
1679 1554 1746 1590 in·-

331 1612 507 1659 „dicavit
535 1622 626 1648 esse
655 1615 695 1647 et
725 1612 839 1647 aliam
854 1612 1124 1656 Quaesturam,
1154 1612 1374 1659 ignoratam
1404 1610 1639 1647 doctissimis
1669 1611 1747 1646 bo-

335 1667 545 1715 „minibus‚
575 1668 662 1704 sine
693 1678 767 1714 qua
797 1678 934 1704 manca
960 1672 1068 1703 esset
1100 1677 1200 1703 nova
1220 1667 1313 1713 illa3
1343 1667 1509 1713 eiusque
1528 1667 1746 1712 exemplum

331 1734 403 1771 „se
441 1724 490 1760 ab
528 1723 651 1760 amico
687 1730 904 1760 sumturum
942 1723 1243 1770 missurumque,
1279 1723 1313 1759 si
1351 1723 1519 1769 vellem,
1559 1722 1747 1769 promisit.

330 1778 481 1827 „cuius
512 1779 695 1825 promissi
725 1790 813 1815 mox
832 1779 944 1815 tidem
965 1779 1161 1825 liberavit,
1190 1779 1381 1825 nobisque
1400 1779 1629 1815 facultatem
1648 1778 1750 1814 hanc

330 1834 466 1881 „dedit
477 1861 487 1881 ,
526 1838 566 1870 ut
597 1835 854 1878 Quaesturam
884 1837 1004 1870 totam
1034 1834 1178 1881 edere,
1208 1832 1422 1880 doctosque
1451 1833 1628 1870 homines
1657 1844 1747 1870 mu-

329 1890 537 1937 ,‚nusculo‚
568 1894 609 1925 ut
640 1901 857 1937 speramus,
889 1900 965 1925 non
995 1890 1153 1936 ingrato
1181 1890 1342 1926 afficere
1361 1890 1612 1936 possemus.“
1642 1890 1748 1926 Cae-

329 1950 457 1982 terum
489 1946 528 1981 in
560 1944 634 1981 ha'c
654 1946 866 1982 Ernestina
898 1944 1070 1981 editione
1100 1945 1243 1981 accidit
1272 1945 1516 1993 negligentia
1543 1946 1605 1981 vel
1637 1945 1749 1981 libra-

331 2002 377 2038 rii
408 2002 469 2037 vel
501 2000 680 2047 aliorum,
720 2006 762 2037 ut
792 2000 983 2046 posterior
1025 2001 1241 2044 Quaestura
1281 2001 1400 2047 priori
1431 2004 1750 2047 praeponeretur,

333 2052 372 2093 et
403 2057 528 2104 plura,
548 2068 662 2102 quam
693 2068 763 2103 par
793 2060 889 2103 erat,
907 2067 1111 2102 operarum
1144 2057 1240 2093 vitia
1269 2057 1593 2103 relinquerentur.
1632 2057 1749 2093 Ami-

333 2123 404 2149 cus
444 2113 510 2148 ille
546 2123 569 2147 a
605 2123 680 2158 quo
729 2112 991 2149 Rulinkenius
1041 2112 1179 2148 librum
1220 2113 1378 2158 sumsit,
1428 2116 1512 2149 erat
1560 2113 1750 2150 Nicolaus

333 2164 583 2217 nopflus‚**)
616 2167 766 2205 Bernas
798 2168 1020 2218 nemetim-2,
1050 2167 1150 2203 civis
1182 2179 1304 2215 meus,
1341 2169 1401 2205 vir
1440 2169 1638 2217 elegantis
1675 2168 1752 2205 do·-

333 2225 506 2270 ctrinae,
544 2235 631 2260 cum
671 2225 904 2272 universae,
937 2228 1016 2260 tum
1054 2224 1230 2260 Graecae
1259 2228 1299 2260 et
1339 2225 1526 2269 Latinae,
1573 2224 1638 2270 qui
1669 2228 1749 2260 tum

334 2280 508 2326 privatus
547 2284 789 2317 senectutem
828 2283 968 2328 flagae
1006 2278 1043 2315 in
1082 2279 1239 2316 literato
1280 2280 1446 2328 degebat
1477 2280 1566 2315 otio.
1623 2279 1750 2315 Huius

334 2336 637 2372 familiaritatem
668 2341 707 2373 et
736 2336 946 2373 amicitiam
977 2335 1154 2372 studiose
1180 2335 1330 2372 colebat
1348 2335 1749 2380 Ruhnkenius,eum-

333 2402 408 2437 que
438 2391 526 2439 sibi,
556 2396 645 2438 post
674 2394 889 2440 Bet-gerum
919 2392 1091 2441 quidem,
1115 2391 1254 2428 ducem
1284 2392 1332 2427 ad
1360 2391 1544 2428 rariorum
1567 2391 1749 2428 librorum

340 2565 375 2609 ⁴⁹)
401 2570 443 2600 A.
475 2570 573 2601 1753.
599 2570 666 2606 vel,
699 2575 737 2600 ut
769 2572 825 2601 est
857 2570 892 2601 in
918 2571 1042 2605 titulo,
1078 2569 1173 2601 1754.
1201 2570 1318 2607 Quare
1342 2568 1465 2600 nescio
1489 2574 1554 2598 cur
1578 2569 1744 2607 Vl'stten-

380 2614 527 2644 bachius
549 2615 591 2646 ad
616 2614 720 2645 1773.
745 2623 874 2646 annum
899 2616 1074 2646 retulerit.
1122 2615 1193 2645 FR.

335 2658 384 2696 ⁶⁶)
409 2659 582 2690 Videatur
618 2660 817 2699 christoph.
851 2661 989 2697 Saxius,
1024 2659 1251 2691 Traiectinae
1282 2657 1509 2695 Academiae,
1546 2660 1581 2687 et
1606 2658 1749 2688 omnino

380 2704 614 2743 Antiquarum
642 2706 853 2741 [aiterarutm
878 2706 1062 2742 egregium
1083 2705 1202 2739 decus,
1226 2703 1388 2742 idemque
1412 2710 1529 2733 rarum
1546 2702 1747 2742 exemplum

380 2753 532 2786 vegetae
556 2753 592 2779 et
614 2751 738 2779 studiis
766 2750 987 2781 exhilaratae
1011 2750 1219 2780 senectutis:
1241 2749 1276 2777 iu
1302 2747 1393 2778 libro
1419 2748 1619 2786 utilissime,
1645 2746 1746 2779 Ono-

378 2794 529 2825 mastico
555 2793 743 2833 niteram),
768 2795 852 2826 Vol.
879 2795 903 2824 l.
931 2804 962 2834 p.
993 2796 1067 2826 155.
1094 2797 1129 2825 et
1153 2793 1234 2824 Vol.
1259 2793 1335 2824 vn.
1361 2801 1394 2832 p.
1418 2792 1471 2824 93.
