1833 3237
639 195 947 234 ...5⁷-

87 309 226 346 domus
256 307 589 357 Ruhnkenianae,
630 308 793 343 interest
835 310 874 343 et
914 317 998 343 mea
1028 310 1067 343 et
1096 306 1265 344 omnium
1296 308 1498 345 doctrinae

87 364 371 410 studiosorum,
409 364 653 409 omniumque
694 364 878 400 bonorum
929 363 1071 399 civium
1084 363 1356 410 ,memoriam
1400 366 1498 401 tanti

88 419 164 456 viri
195 422 350 466 tamque
379 420 535 468 egregii
565 418 687 465 civis,
731 418 852 465 primo
889 428 1042 464 quoque
1079 422 1252 465 tempore
1289 421 1418 456 vivam
1450 431 1497 457 ac

87 479 283 512 recentem
321 476 468 522 scripto
498 474 670 511 mandari
700 485 748 510 ac
786 475 960 519 servari,
1001 485 1074 510 nec
1103 475 1393 512 intermortuam
1423 477 1498 511 ‹le-

88 541 189 567 mum
229 541 318 568 sero
358 531 537 568 excitari.
596 532 648 566 Et
683 531 719 566 si
757 531 957 576 quaeritur
986 531 1051 576 qui
1092 531 1165 566 hoc
1195 542 1334 568 munus
1364 531 1499 568 susci-

86 586 188 634 piat,
228 588 407 633 quamvis
444 587 484 622 id
521 586 662 622 lubens
700 587 774 623 hoc
811 589 983 632 tempore
1021 585 1151 622 cuivis
1188 587 1256 623 alii
1295 591 1334 623 et
1370 588 1499 635 magis

85 643 234 679 diserto
282 647 320 679 et
367 642 496 678 minus
543 642 697 689 lugenti
744 643 979 691 concedam,
1034 645 1164 678 tamen
1209 643 1388 691 intelligo
1438 653 1500 680 me

86 699 256 734 omnium
276 698 478 734 voluntate
497 700 536 734 et
555 699 849 744 exspectatione
872 698 1105 747 significari,
1129 708 1255 744 neque
1275 699 1314 735 id
1334 700 1500 735 honeste

87 754 281 801 defugere
309 763 439 800 posse.
496 753 591 791 Sive
621 755 722 790 enim
752 754 885 802 agitur
914 754 1109 801 officium3
1150 754 1408 791 Ruhnkenius
1439 765 1500 790 me

86 812 131 846 ut
158 810 280 846 filium
311 809 473 862 dilexit,
508 818 585 857 ego
624 809 733 845 illum
771 813 816 845 ut
844 813 1044 856 parentem
1074 810 1190 846 colui.
1248 810 1344 846 Sive
1373 820 1500 856 quae-

84 865 186 901 ritur
215 865 435 900 earumdem
464 865 684 901 Literarum
715 865 907 910 societas3
937 866 1012 900 fuit
1040 866 1136 901 mihi
1165 865 1233 901 ille
1262 866 1500 902 adolescen-

88 920 169 956 tulo
199 920 299 956 haec
327 920 459 956 studia
487 920 668 967 ingresso
700 920 780 956 dux
805 923 844 956 et
873 923 1115 966 praeceptor,
1145 925 1284 966 postea
1301 931 1432 956 comes
1463 924 1502 956 et

85 975 250 1029 sodalis,
279 986 355 1013 nec
383 976 483 1012 alter
513 976 718 1022 quidquam
749 979 818 1013 aut
848 977 1197 1027 commentabatur,
1227 979 1294 1012 aut
1311 976 1540 1022 scriptum5

85 1031 239 1080 edebat,
264 1032 357 1078 quin
387 1043 475 1069 cum
504 1033 626 1068 altero
657 1031 970 1070 communicaret.
1028 1033 1126 1068 Sive
1150 1032 1350 1078 quaeritur
1380 1031 1499 1068 fami-

86 1087 261 1134 {inritas3
290 1098 361 1134 per
389 1091 476 1124 octo
507 1091 546 1124 et
576 1088 719 1136 viginti
749 1099 873 1124 annos
903 1099 951 1124 ea
980 1088 1074 1124 mihi
1095 1089 1168 1124 fuit
1187 1099 1273 1124 cum
1303 1088 1371 1124 illo
1401 1099 1500 1124 con-

88 1144 269 1190 suetudo,
298 1146 342 1180 ut
371 1143 499 1180 omnia
530 1145 627 1190 fere,
658 1147 696 1180 et
725 1145 829 1180 laeta
860 1147 898 1181 et
926 1144 1069 1191 tristia,
1099 1144 1212 1181 nobis
1231 1147 1368 1180 essent
1391 1154 1501 1180 com-

87 1199 231 1237 munia.
292 1199 388 1236 Sive
427 1199 596 1245 denique
634 1209 732 1245 opus
761 1203 824 1236 est
861 1201 1049 1237 orationis
1079 1201 1244 1246 quadam
1274 1200 1501 1236 doctrinae-

26 1296 29 1297 ⁷
87 1265 163 1301 que
192 1254 402 1302 facultate3
435 1255 545 1303 haec,
574 1258 619 1291 ut
647 1258 709 1291 est
738 1257 863 1292 minor
892 1259 931 1292 et
960 1267 1046 1292 mea
1075 1257 1297 1302 voluntate,
1328 1257 1367 1292 et
1396 1255 1501 1291 mul-

85 1313 211 1347 torum
241 1311 440 1358 opinione,
471 1322 544 1347 nec
573 1315 804 1363 argumento
835 1312 1031 1358 praesenti
1069 1323 1161 1359 par,
1198 1315 1328 1348 tamen
1357 1312 1502 1348 Ruhn-

86 1367 193 1403 kenii
223 1367 446 1414 praeceptis
467 1367 712 1414 monitisque
741 1370 1003 1414 conformata,
1033 1368 1074 1405 in
1105 1368 1224 1404 huius
1253 1365 1381 1414 ipsius
1411 1367 1503 1403 lau-

84 1422 224 1473 dibus,
254 1423 333 1460 nisi
360 1427 470 1471 apte,
500 1425 814 1477 accommodate,
854 1427 894 1461 et
917 1435 1062 1473 aeque,
1112 1428 1154 1460 at
1189 1425 1317 1473 iuste,
1357 1423 1502 1471 debite,

85 1479 227 1527 pieque
255 1480 526 1527 explicabitur.

199 1537 264 1573 Ac
301 1546 351 1573 ne
389 1537 477 1584 quis
514 1537 672 1573 laudum
703 1537 879 1584 nomine,
919 1536 1020 1584 quod
1050 1536 1260 1583 aliquoties
1289 1535 1426 1585 posui,
1457 1546 1504 1572 eo

87 1592 295 1629 inducatur
331 1595 374 1629 ut
416 1596 525 1639 putet
567 1593 662 1630 mihi
707 1594 970 1631 laudationem
1010 1593 1239 1630 Ruhnkenii
1278 1603 1368 1629 esse
1411 1601 1505 1638 pro-

88 1648 278 1695 positam,
315 1648 356 1684 id
395 1652 481 1695 est,
519 1649 709 1685 eiusmodi
749 1650 1001 1696 scriptionem
1031 1659 1107 1694 qua
1136 1649 1368 1694 praecipuos
1397 1648 1505 1683 vitae

87 1705 321 1753 ingeniique
350 1704 457 1740 locos
487 1704 653 1741 delibem
683 1707 723 1740 et
752 1705 926 1741 oratione
964 1714 1084 1750 supra
1111 1714 1192 1739 rem
1223 1704 1506 1748 veritatemque

89 1763 248 1797 efferam
287 1762 403 1806 atque
442 1769 636 1796 exornem.
697 1760 818 1795 Istam
849 1760 1037 1795 orationis
1068 1759 1293 1794 facultatem
1325 1769 1399 1794 nec
1429 1768 1504 1806 ego

89 1819 222 1864 teneo,
254 1815 584 1852 nec-Ruhnkenii
612 1814 696 1851 vita
725 1815 945 1851 desiderat:
976 1824 1088 1861 quae,
1116 1817 1158 1850 ut
1189 1814 1242 1850 nil
1268 1823 1343 1851 non
1371 1814 1507 1851 habuit

88 1873 152 1909 vel
190 1871 388 1908 laudabile
425 1872 490 1908 vel
529 1882 616 1908 cum
656 1871 774 1907 laude
810 1871 1082 1923 coniunctum,
1121 1871 1175 1906 nil
1206 1870 1283 1907 nisi
1327 1870 1506 1917 simplex,

90 1932 281 1977 apertum,
310 1930 349 1964 et
379 1938 527 1975 verum,
558 1929 615 1965 ita
643 1927 693 1963 ad
723 1928 876 1963 laudem
896 1926 1067 1972 simplici
1088 1926 1269 1973 nudaque
1287 1927 1508 1964 narratione

87 1987 273 2022 contenta
302 1986 375 2022 est.
432 1986 483 2021 Et
512 1984 588 2020 erit
616 1993 712 2018 sane
740 1983 907 2028 simplex
937 1983 1035 2019 haec
1061 1983 1288 2028 scriptionis
1314 1983 1413 2020 ratio
1433 1994 1506 2019 ac-

88 2039 368 2078 commodatior
397 2050 483 2075 cnm
515 2039 565 2075 ad
596 2038 801 2074 facultatis
826 2049 936 2074 meae
973 2038 1300 2086 mediocritatem,
1339 2042 1418 2076 tum
1456 2040 1505 2075 ad

90 2096 331 2145 cognitionis
361 2095 606 2141 exemplique
636 2095 819 2131 fructum.

201 2162 366 2189 navmns
394 2146 644 2189 annuamus
674 2153 789 2186 natus
819 2153 881 2185 est
909 2149 1098 2196 postridie
1128 2151 1323 2188 Calendas
1352 2152 1508 2187 Ianuar.

91 2217 194 2245 anno
224 2208 342 2244 huius
368 2206 519 2243 saeculi
548 2206 737 2243 vicesimo
759 2203 942 2253 tertio,*)
972 2207 1011 2242 in
1030 2206 1283 2243 pomeraniae
1307 2206 1506 2242 ulterioris

92 2263 238 2302 celebri
265 2265 389 2313 urbe,
429 2264 579 2309 Stolpa.
639 2265 828 2299 Parentes
867 2262 1027 2297 fuerunt
1055 2272 1104 2297 ex
1134 2261 1411 2298 honestissimo
1441 2261 1504 2297 ci-
1523 2260 1548 2294 6

90 2320 197 2357 vium
227 2320 374 2366 ordine,
405 2322 445 2355 et
473 2320 513 2355 in
543 2329 586 2355 re
615 2319 714 2354 satis
742 2319 874 2363 lauta3
909 2328 993 2353 nam
1024 2320 1136 2364 pater
1165 2327 1305 2353 munus
1327 2317 1507 2365 sculteti,

93 2376 195 2423 quod
233 2378 294 2413 est
332 2376 524 2421 praetoris
552 2373 762 2420 rusticani,
802 2373 953 2421 gessit,
983 2383 1058 2409 neo
1086 2374 1127 2409 in
1152 2374 1380 2426 liberorum,
1409 2383 1506 2419 quos

92 2433 229 2479 plures
268 2426 469 2477 habebat,
504 2430 749 2467 institutione
791 2439 932 2476 parcus
971 2430 1062 2467 fuit.
1131 2431 1195 2466 Ex
1233 2430 1295 2465 his
1331 2429 1506 2466 Davides

91 2488 282 2535 puerulus
312 2497 430 2533 quum
459 2490 498 2523 et
528 2486 654 2535 domi,
684 2489 725 2522 et
752 2485 794 2522 in
824 2485 1004 2534 magistri
1033 2485 1146 2534 ludo,
1182 2485 1329 2522 indicia
1356 2484 1508 2534 ingenii

141 2618 289 2660 luyendz‘
311 2617 456 2650 modum
471 2617 629 2660 fecerit:
653 2619 752 2651 certe
775 2627 853 2659 nos,
875 2619 970 2660 quod
992 2620 1047 2652 est
1066 2619 1142 2651 dies
1158 2618 1343 2659 allatura,
1367 2615 1404 2648 id
1419 2623 1508 2649 con-

142 2663 223 2693 silio
251 2663 337 2695 ante
365 2663 470 2704 serre
499 2662 677 2705 debemus,
701 2672 813 2704 neque
846 2664 1065 2705 ert-spectare
1087 2665 1258 2706 temporis
1281 2662 1509 2699 medicinam,

141 2715 251 2748 quam
273 2710 552 2749 repraesentare
575 2710 720 2741 ratione
744 2708 935 2748 possimus.
981 2709 1055 2741 FR-

97 2772 128 2811 ·)
152 2772 207 2805 Cf.
231 2773 323 2806 infra
347 2783 428 2816 pag.
450 2774 536 2809 202.
561 2775 617 2808 ed.
641 2783 692 2816 pr.
741 2774 815 2807 FB.
