1833 3237
875 174 1209 245 „1³5—

333 317 466 358 huius
491 323 530 356 et
569 322 662 356 tunc
700 320 741 354 et
768 320 905 365 postea
935 318 1150 355 familiares
1181 326 1380 355 sermones
1418 321 1457 355 et
1487 317 1746 357 consuetudi-2

331 388 419 414 nem
449 376 506 413 ita
535 376 784 411 consectatus
815 378 889 422 est,
917 377 973 419 ut,
1004 375 1132 420 quoad
1152 376 1297 420 posset,
1329 374 1379 410 ab
1401 376 1488 411 eius
1517 376 1642 412 latere
1671 387 1749 412 non

332 428 631 477 discederet,*)
681 440 755 466 nec
808 431 954 467 dictum
1001 430 1243 466 monitumve
1280 439 1302 465 e
1343 431 1469 467 senis„
1498 441 1566 468 ore
1605 431 1746 480 exiret,

331 489 423 538 quin
462 487 501 523 id
538 485 740 531 exciperet
777 496 824 522 ac
863 486 970 522 fideli
1007 486 1194 522 memoria
1230 488 1448 531 reponeret.
1508 489 1640 535 Ergo,
1671 497 1746 523 non

330 543 443 579 modo
479 541 674 588 eamdem,
713 551 828 588 quam
857 542 896 578 in
926 542 1224 578 Hemsterhusio
1263 539 1499 590 mii-affatur,
1530 542 1746 579 doctrinam

331 601 370 634 et
408 598 494 644 ipse
534 600 769 634 consecutus
810 601 890 645 est,
928 597 999 633 sed
1037 606 1122 633 eam
1156 599 1360 643 praeterea
1398 608 1472 632 sua
1513 598 1679 642 quadam
1708 601 1748 633 et

330 653 489 701 propria
526 652 678 701 ingenii
713 653 911 689 suavitate
953 652 1065 689 auxit
1101 656 1141 688 et
1177 652 1426 690 exhilaravit.
1486 654 1538 689 Et
1567 653 1748 699 quando-

329 709 484 756 quidem
513 708 888 746 Hemsterhusianae
927 708 1130 744 doctrinae
1166 708 1407 754 praestantia
1435 709 1565 754 posita
1594 712 1679 745 erat
1708 708 1749 745 in

330 765 606 812 Antiquarum,
637 764 675 800 id
707 767 769 800 est
795 766 1033 801 Graecarum
1063 766 1103 798 et
1132 763 1382 810 Latinarum,
1412 764 1633 800 Literarum
1664 764 1749 799 cri-

329 820 410 856 tica
447 821 636 863 scientia3
676 820 779 854 haud
816 819 988 855 alienum
1027 817 1183 854 videtur
1219 819 1268 854 ab
1308 817 1384 854 hoc
1418 818 1527 866 loco,
1566 829 1668 864 quae
1696 819 1750 855 sit

328 876 436 912 illius
476 876 668 911 scientiae
710 875 876 911 materia
914 878 954 910 et
981 874 1103 920 ratio,
1145 873 1339 921 breviter,
1377 874 1505 920 quoad
1544 874 1632 910 eius
1661 875 1747 910 fieri

328 934 472 977 potest,
502 931 718 966 declarare.

260 989 314 1026 22
442 987 606 1022 Constat
654 987 756 1021 inter
797 994 952 1031 omnes,
992 994 1141 1020 omnem
1180 984 1333 1032 ingenii
1381 984 1551 1033 cultum,
1596 994 1747 1021 omnem

330 1052 449 1078 verae
485 1042 710 1089 elegantiae
749 1043 788 1076 et
824 1040 1101 1086 pulcritudinis
1140 1041 1352 1085 rationem,
1395 1051 1530 1076 omnes
1566 1044 1673 1076 artes
1703 1051 1750 1075 ac

330 1097 576 1143 disciplinas,
607 1099 646 1131 et
675 1096 880 1131 exstitisse
910 1098 948 1131 et
977 1096 1159 1131 floruisse
1187 1096 1290 1141 apud
1310 1096 1506 1132 Graecos:
1537 1096 1585 1131 ab
1610 1096 1673 1131 his
1699 1096 1750 1131 ad

330 1154 548 1197 Romanos,
587 1162 611 1186 a
637 1152 825 1188 Romanis
864 1152 914 1186 ad
952 1151 1050 1187 alios
1089 1153 1272 1197 Europae
1303 1151 1467 1197 populos
1497 1151 1679 1199 venisse,
1711 1154 1751 1187 et

329 1207 472 1256 partim
511 1209 647 1244 horum
685 1207 868 1243 socordia
906 1210 945 1243 et
975 1208 1218 1254 calamitate,
1248 1207 1389 1254 partim
1420 1210 1640 1243 exterorum
1671 1218 1748 1253 po-

328 1263 508 1312 pulorum
537 1264 718 1300 barbarie
757 1274 804 1300 ac
839 1263 1029 1310 dominio,
1069 1274 1229 1309 quorum
1267 1266 1519 1309 utrorumque
1556 1274 1578 1299 e
1618 1263 1749 1299 collu-

326 1321 444 1357 vione
474 1321 642 1356 maiores
674 1320 795 1356 nostri
834 1319 1092 1364 exstiterunt,
1131 1320 1290 1355 obrutas
1320 1320 1603 1368 neglectasque
1632 1319 1750 1356 iacu-

327 1377 410 1413 isse
447 1386 518 1422 per
554 1376 660 1411 mille
698 1377 784 1411 fere
820 1386 964 1423 annOS,
1001 1376 1142 1421 quibus
1181 1376 1351 1411 medium
1381 1385 1522 1411 aevum
1552 1378 1749 1424 censetur,

328 1432 378 1467 ad
417 1432 617 1468 saeculum
655 1432 850 1467 decimum
887 1434 926 1467 et
962 1432 1157 1477 quintum,
1196 1442 1272 1477 quo
1313 1431 1534 1467 earumdem
1575 1431 1748 1467 studium

328 1488 494 1524 Graecis
525 1488 756 1534 Latinisque
786 1487 1054 1533 scriptoribus
1084 1488 1267 1534 legendis
1301 1487 1425 1534 repeti
1455 1487 1746 1532 instaurarique

329 1544 478 1590 coepit:
521 1547 560 1579 et
588 1544 636 1579 ab
671 1554 716 1579 eo
747 1543 838 1579 inde
870 1546 1041 1589 tempore
1078 1544 1135 1579 ita
1165 1554 1353 1589 quemque
1383 1544 1569 1589 populum
1599 1543 1649 1578 ad
1679 1543 1746 1578 di-

325 1600 505 1635 vinarum
544 1600 873 1645 humanarumque
912 1610 1041 1635 rerum
1071 1599 1296 1645 scientiam,
1336 1609 1563 1644 omnemque
1595 1598 1748 1634 doctri-

326 1665 463 1690 narum
502 1665 550 1689 30
589 1655 809 1690 liberalium
848 1655 989 1690 artium
1019 1656 1210 1690 rationem
1240 1655 1368 1700 magis
1399 1654 1641 1701 profecisse,
1671 1663 1747 1699 quo

327 1710 494 1756 quisque
529 1710 657 1757 magis
701 1710 848 1746 veteris
889 1710 1066 1746 Graecae
1104 1711 1382 1755 Romanaeque
1420 1709 1610 1757 originis,
1640 1712 1748 1745 tam-

328 1775 442 1811 quam
472 1765 672 1812 igniculos
703 1769 742 1800 et
772 1766 923 1801 semina
951 1766 992 1800 in
1022 1765 1163 1800 animis
1197 1765 1329 1800 abdita
1363 1765 1568 1801 elicuisset
1596 1775 1644 1801 30
1673 1775 1746 1801 511-

327 1820 525 1867 scitasset,
556 1820 615 1855 ad.
633 1820 797 1866 eiusque
827 1820 993 1867 originis
1023 1830 1182 1855 sensum
1211 1820 1465 1866 habitumque
1494 1830 1538 1855 se
1568 1823 1748 1856 tractan-

327 1877 390 1912 dis
419 1876 608 1921 Antiquis
639 1876 907 1923 scriptoribus
936 1875 1180 1912 restituisset
1199 1878 1317 1921 atque
1336 1877 1632 1912 conformasset.
1662 1876 1747 1920 Quo

327 1932 369 1969 in
398 1928 569 1978 iudicio,
608 1942 720 1967 nemo
761 1932 879 1968 facile
918 1932 1122 1967 humanior
1151 1942 1175 1966 a
1205 1932 1317 1968 nobis
1347 1932 1578 1967 dissentiat:
1615 1935 1684 1968 aut
1713 1931 1749 1967 si

329 1988 418 2034 quis
448 1989 551 2023 rorte
580 1988 784 2034 dissentit,
825 1986 922 2023 illud
960 1991 1068 2022 certe
1107 1987 1220 2023 nobis
1260 1988 1449 2023 concedat
1477 1997 1643 2023 necesse
1672 1990 1748 2034 est,

328 2044 564 2080 uberrimum
595 2054 684 2079 esse
716 2043 840 2079 omnis
871 2043 1065 2078 humanae
1095 2042 1335 2090 cognitionis
1374 2044 1523 2079 fontem
1551 2043 1593 2079 in
1622 2043 1746 2079 Anti-

328 2110 492 2146 quorum
520 2100 699 2147 scriptis,
737 2099 880 2134 multas
909 2097 1037 2133 adhuc
1066 2108 1277 2143 superesse
1313 2099 1354 2134 iu
1383 2099 1531 2135 nostris
1561 2099 1749 2147 ingeniis,

329 2155 484 2203 animis,
511 2155 697 2203 moribus,
728 2152 935 2201 institutis,
965 2153 1201 2205 disciplinis,
1230 2154 1387 2201 studiis,
1417 2155 1646 2192 barbaricae
1675 2164 1747 2190 se-

329 2211 434 2247 mina
471 2211 658 2258 originis,
697 2221 744 2246 ac
780 2209 971 2255 reliquias
1009 2209 1224 2255 sordesque
1261 2210 1382 2245 medii
1411 2211 1524 2257 aevi,
1563 2220 1659 2255 quas
1689 2210 1747 2246 ita

260 2270 314 2306 23
330 2276 522 2312 quemque
559 2267 779 2302 certissime
822 2267 1052 2312 abstergere
1090 2269 1128 2301 et
1167 2266 1320 2312 eluere,
1359 2268 1403 2301 ut
1441 2266 1611 2301 maxime
1646 2265 1746 2302 dili-

329 2322 643 2370 gentissimeque
691 2325 830 2369 pectus
879 2320 1165 2372 limpidissimis
1210 2322 1474 2368 Antiquarum
1524 2321 1746 2358 Literarum

375 2444 487 2475 semel
510 2443 650 2482 quidem
674 2444 890 2474 mentionem
913 2443 1056 2482 fecerit,
1080 2451 1253 2483 quaerere
1278 2443 1329 2475 nil
1354 2444 1495 2483 attinet,
1514 2448 1581 2473 nec
1604 2440 1748 2473 dubita-

376 2495 454 2519 mus
479 2490 558 2528 quin
583 2495 714 2527 graves
738 2489 784 2525 ei,
808 2492 891 2519 tunc
917 2489 1104 2527 temporiS‚
1128 2495 1196 2526 quo
1220 2489 1309 2520 haec
1340 2488 1534 2529 scribebat,
1565 2487 1669 2516 huius
1691 2487 1748 2517 si-

376 2533 479 2563 lentii
504 2534 662 2564 rationes
687 2534 834 2565 fuerint.
880 2532 1116 2564 BERGMAN.

331 2597 361 2637 ⁶)
386 2599 437 2651 pe
461 2607 502 2631 se
524 2601 599 2639 ipse
624 2598 753 2632 Cicero
778 2599 821 2630 de
846 2600 964 2652 Amic.
988 2599 1064 2631 c-1.
1089 2607 1169 2630 sese
1193 2598 1236 2650 ad
1260 2599 1468 2631 Scaevolam
1484 2600 1534 2630 ita
1558 2597 1747 2650 deductum

374 2645 690 2729 352235513333‘}
718 2647 844 2722 3232?
865 2642 1747 2731 25,“asama‘'22-2235515302253522355552

375 2731 536 2765 breviter
559 2735 594 2765 et
616 2735 796 2767 commode
817 2735 938 2775 dicta,
962 2736 1163 2767 memoriae
1187 2733 1433 2767 mandabam:
1455 2732 1607 2775 fierique
1623 2731 1746 2766 stude-

375 2777 457 2811 bam
482 2778 564 2811 eius
583 2779 785 2819 prudentia
808 2780 969 2813 doctior.
1016 2778 1248 2813 BERGMAN.
1277 2807 1284 2811 .
