1816 3233
881 193 1184 233 —138—

329 312 518 358 propriam
567 308 754 353 quandam
795 308 984 345 orationis
1027 309 1186 344 formam
1227 309 1495 356 contraheret,
1547 306 1740 355 pellucido

328 371 368 408 et
406 367 491 402 sine
521 365 686 400 salebris
726 365 870 401 labenti
908 364 1056 401 [lumini
1096 363 1352 399 simillimam:
1392 375 1491 411 quae
1515 366 1618 401 inter
1648 365 1739 412 vim,

328 423 491 468 copiam,
526 420 847 472 pulcritudinem,
878 422 1132 468 gravitatem,
1173 421 1491 466 maiestatemque
1522 421 1740 466 Ciceronis,

327 483 365 514 et
398 474 903 524 facilitatem‚'lenitatem,
945 477 1192 521 nativamque
1231 479 1269 511 et
1308 476 1523 521 simplicem
1554 480 1739 513 venusta-

327 538 402 568 tem
444 533 630 578 Nepotis,
680 533 792 579 quasi
832 530 1000 569 medium
1042 535 1210 568 teneret:
1250 536 1289 568 et
1331 533 1441 583 ipse,
1491 533 1591 578 quod
1629 534 1740 569 initio

326 586 558 635 diximus,*)
598 590 779 625 immunis
810 600 833 624 a
863 590 926 625 sui
966 589 1116 625 saeculi
1147 589 1260 637 labe,
1294 589 1449 635 integer
1478 593 1690 634 castusque
1721 600 1743 623 a

325 646 446 692 prisci
476 645 646 681 sanitate
676 647 766 681 aevi
799 646 993 691 prodiisse
1024 645 1233 681 videretur.
1292 646 1343 681 Et
1373 644 1636 680 dubitabimus
1667 645 1741 679 ad-

326 703 423 747 huc,
452 702 762 749 intelligentiae,
802 702 1022 748 doctrinae,
1063 701 1235 737 Criticae
1274 701 1498 748 facultatis,
1539 700 1743 746 Eloquen-

327 758 426 805 tiae,
468 761 785 803 caeterarumque
816 758 971 793 laudum
1002 757 1274 793 aestimtaione
1308 759 1422 802 facta,
1455 766 1542 792 eum
1574 757 1741 792 omnium

325 824 348 849 a
378 814 523 849 renatis
555 814 700 849 biteris
739 816 908 850 aetatum
941 813 1153 859 principem
1186 810 1380 849 censere?
1420 813 1486 858 qui
1517 815 1592 848 tam
1623 813 1744 849 multa

324 873 481 916 tamque
521 870 687 918 egregia
729 870 894 906 ediderit
932 870 1099 916 scripta,
1139 880 1298 915 quorum
1337 869 1637 915 unumquodque
1674 879 1744 915 per

325 937 370 962 se
400 927 498 961 satis
528 927 658 961 valeat
695 926 741 961 ad
784 926 1013 972 scriptorem
1051 925 1333 961 immortalitati
1372 925 1741 961 commendandum:

327 983 395 1028 qui
425 986 463 1018 et
500 982 540 1017 in
572 982 724 1018 Latinis
757 983 901 1018 Literis
932 982 1178 1027 Latinarum,
1220 984 1258 1017 et
1297 982 1337 1017 in
1367 982 1530 1018 Graecis
1561 983 1740 1018 Graeca-

327 1049 423 1085 rum,
455 1038 694 1083 principibus
725 1048 793 1083 par
813 1038 1030 1074 exstiterit:
1062 1037 1299 1073 utrarumvis
1316 1037 1521 1082 principes
1553 1037 1615 1072 vel
1638 1037 1742 1072 alte-

328 1104 455 1130 rarum
491 1094 681 1140 scientia,
721 1094 784 1129 vel
818 1093 1005 1130 orationis
1044 1097 1081 1128 et
1123 1094 1221 1129 bene
1260 1093 1459 1128 scribendi
1489 1093 1628 1140 laude,
1669 1103 1749 1135 suff

327 1147 552 1196 peraverit‘?

440 1208 548 1242 Haec
576 1206 729 1252 ingenii
761 1205 1038 1251 doctrinaeque
1069 1205 1167 1240 bona
1197 1205 1253 1240 ita
1282 1205 1330 1240 ad
1360 1205 1646 1241 institutionem
1673 1206 1740 1239 di-

289 1300 294 1314 x
325 1263 614 1309 sciplinamque
645 1262 822 1309 contulit,
855 1266 898 1297 ut
929 1272 1000 1297 nec
1031 1262 1116 1306 ipse
1146 1260 1270 1297 labori
1300 1264 1494 1312 parceret,
1534 1271 1608 1296 nec
1634 1260 1743 1296 labor

328 1321 458 1355 fructu
488 1321 651 1354 careret.
709 1320 760 1354 Et
791 1328 890 1363 quae
920 1318 1077 1364 publica
1107 1317 1181 1352 t'uit
1212 1327 1352 1363 opera,
1393 1317 1453 1352 vel
1484 1316 1632 1352 scholis
1664 1316 1740 1351 ha-

228 1372 310 1408 232
328 1375 488 1422 bendis,
528 1375 590 1410 vel
632 1374 742 1410 libris
780 1374 1027 1424 scribundis,
1064 1374 1112 1409 de
1153 1373 1226 1408 bac
1265 1384 1384 1419 supra
1423 1373 1520 1409 satis
1559 1373 1742 1409 diximus,

325 1431 424 1468 Illud
467 1441 568 1466 nunc
616 1430 787 1478 intelligi
839 1431 1037 1473 volumus,
1084 1434 1266 1474 quantum
1308 1430 1491 1465 librorum
1529 1429 1742 1475 scriptione

325 1490 469 1524 absens
507 1487 758 1533 absentibuS,
809 1486 939 1522 multis
976 1490 1014 1522 et
1050 1486 1223 1533 ignotis,
1268 1496 1336 1531 per
1377 1489 1498 1521 totum
1544 1485 1740 1521 literatum

326 1545 472 1587 orbem,
504 1543 751 1579 emolumenti
778 1542 975 1578 attulerit:
1017 1542 1055 1576 in
1087 1542 1228 1587 quibus
1251 1546 1288 1576 et
1331 1551 1406 1589 ego
1449 1551 1584 1577 nomen
1617 1541 1738 1587 profi-

326 1605 411 1636 teor
450 1610 594 1649 meum,
631 1602 669 1634 et
707 1609 860 1644 semper
899 1599 1117 1644 profitebor.
1185 1598 1344 1634 Nullius
1386 1598 1511 1645 enim,
1553 1601 1741 1643 quotquot

326 1659 485 1692 fuerunt
525 1657 742 1691 Literarum
784 1655 1005 1701 principes,
1055 1655 1202 1700 scripta
1253 1655 1291 1690 in
1333 1654 1548 1702 legentium
1597 1655 1746 1689 animos

322 1714 491 1748 inssuunt
521 1717 627 1748 tanta
664 1722 748 1747 cum
782 1711 970 1747 orationis
999 1710 1229 1761 suavitate,
1274 1713 1378 1746 tanta
1419 1721 1506 1746 cum
1545 1710 1744 1746 doctrinae

324 1769 412 1804 luce
442 1779 488 1803 ac
520 1768 769 1813 praestantia,
802 1770 906 1802 tanto
938 1778 1022 1802 cum
1055 1767 1179 1812 pulcri
1212 1766 1442 1812 honestique
1472 1777 1606 1803 sensu.
1652 1766 1741 1802 Ne-

325 1835 401 1870 que
431 1834 523 1859 vero
555 1823 681 1858 minus
712 1823 892 1868 privatim
925 1823 1067 1857 multos
1099 1822 1220 1872 iuvit,
1265 1823 1352 1857 sive
1393 1826 1621 1867 praesentes
1652 1832 1744 1857 ser-

324 1890 449 1922 mone,
481 1880 566 1915 sive
596 1880 780 1915 absentes
811 1878 1003 1923 epistolis.
1061 1879 1104 1913 In
1137 1878 1221 1925 his,
1262 1881 1305 1913 ut
1335 1879 1505 1913 omittam
1537 1879 1742 1923 nostrates,

324 1936 561 1982 Albertium,
591 1936 830 1978 Piersonum‚
861 1933 1116 1979 Lennepium,
1146 1934 1353 1980 Koenium,
1378 1933 1590 1980 Eldikfflm,
1621 1934 1744 1978 alios;

325 1995 544 2028 exterorum
577 2001 687 2026 nemo
721 1991 794 2026 fuit
822 1990 948 2034 ipsius
980 1992 1109 2024 aetate
1138 1990 1270 2026 clarus
1301 1990 1340 2024 in
1373 1989 1518 2025 Litcris
1548 1990 1630 2037 vir,
1675 1991 1742 2026 cui

326 2057 398 2084 non
442 2048 505 2083 vel
542 2047 746 2083 consilium
777 2046 825 2081 de
856 2046 1072 2081 studiorum
1115 2045 1178 2081 via
1216 2046 1398 2091 operisve
1428 2042 1596 2082 alicuius
1626 2046 1741 2081 insti·

325 2104 458 2140 tuendi
498 2102 804 2148 perficiendique
842 2102 1012 2148 ratione,
1060 2101 1122 2136 vel
1175 2102 1344 2147 aliquam
1389 2102 1743 2138 animadversionis

325 2161 472 2206 lucem,
517 2160 581 2195 vel
626 2158 781 2204 aliquod
825 2157 1007 2193 editionis
1057 2156 1360 2194 additamentum
1411 2159 1743 2194 incrementumve

325 2215 600 2262 impertiverit.
660 2215 771 2259 Quod
809 2224 858 2249 ne
899 2214 963 2249 cui
994 2214 1116 2260 forte,
1155 2224 1287 2249 eorum
1321 2214 1539 2249 nominibus
1570 2215 1738 2250 reticen-

326 2273 411 2320 dis,
453 2276 598 2308 temere
628 2274 666 2307 et
696 2270 859 2307 uberius
890 2280 1004 2314 quam
1037 2279 1103 2314 pro
1134 2270 1191 2305 rei
1222 2270 1388 2305 veritate
1419 2270 1568 2307 dixisse
1600 2269 1742 2318 videa-

324 2340 431 2377 mur,
464 2330 623 2363 fuerunt
652 2338 700 2362 ex
733 2327 866 2361 horum
899 2335 1080 2373 numero,
1123 2325 1346 2370 Gesnerus,
1378 2324 1592 2369 Ernestus,
1629 2327 1741 2371 Hey-

328 2388 428 2432 nius,
460 2384 751 2431 Heusinger-us,
783 2381 1275 2429 Musgravius,''1*0upius‚
1307 2381 1515 2428 Herelius,
1545 2381 1742 2417 Villoiso-

327 2454 414 2489 nus,
445 2441 730 2486 llottingerus,
760 2439 999 2481 Brunctstus,
1030 2438 1467 2485 Schweighaeuser-us,
1498 2438 1742 2483 MattliaeuS‚

327 2499 512 2540 Vossius,
544 2496 763 2539 Mosellius,
795 2495 980 2542 Rossius,
1013 2496 1260 2541 Burgessus,
1294 2495 1509 2541 Porsonus,
1540 2494 1740 2529 Edward-

326 2557 422 2597 sius,
459 2555 641 2599 Wolfius,
673 2551 952 2598 Spaldingius:
993 2551 1086 2602 alii,
1128 2561 1225 2596 quos
1258 2551 1454 2586 nominare
1485 2560 1617 2585 omnes
1648 2552 1742 2586 iufi-

235 2612 450 2648 233nitum
482 2612 544 2646 sit.
605 2611 690 2646 Nec
721 2609 923 2654 quisquam
955 2607 1029 2642 fuit
1060 2617 1081 2642 e
1112 2607 1350 2643 nostratibus
1382 2607 1598 2642 Literarum
1631 2608 1742 2652 prin-

331 2679 446 2713 ceps,
496 2661 559 2702 cui
601 2669 674 2702 tam
723 2666 907 2710 frequens
949 2673 1032 2699 cum
1086 2663 1232 2699 exteris
1281 2662 1443 2698 eruditis
1491 2663 1741 2710 epistolarum

328 2789 356 2829 ⁸)
381 2788 456 2819 Vid.
485 2795 562 2827 pag.
587 2786 663 2816 las.
690 2790 723 2815 et
753 2786 780 2816 1.
800 2785 852 2815 ed.
881 2794 932 2824 pr.
980 2785 1050 2815 FR.
