1816 3233
786 194 1098 238 -174-

235 269 538 344 gggrgfiigfmhcune
561 315 725 340 errorem
749 311 949 341 errassent.
1008 308 1088 340 vid.
1114 308 1332 342 Tallbmann.
1365 310 1411 342 ad
1442 312 1556 344 Plaut.
1580 312 1653 344 Mil.

370 357 471 388 Glor.
507 354 559 393 ΙΙ,
589 353 632 392 4,
662 353 718 384 47.
772 353 938 385 Ceterum
980 355 1111 387 Lexica
1144 357 1262 386 tacent
1300 354 1344 386 de
1384 357 1452 388 hac
1491 358 1654 390 formula.

369 398 654 432 LlNDEMANN.
703 399 780 430 Vid.
794 400 873 430 adn.
886 408 932 430 m.
951 399 993 431 ad
1017 400 1181 439 Xenoph.
1198 400 1297 431 Hier.
1314 399 1368 439 ΙΙ,
1380 401 1414 431 S.
1429 404 1465 433 et
1477 402 1655 443 Krueger.

369 446 429 476 Gr.
457 445 496 474 L.
522 442 654 519 15ὶ304ι.
702 444 781 485 Ego
807 445 862 476 hic
886 446 1137 484 scripsissem:
1175 446 1228 476 sic
1251 445 1311 477 vel
1335 446 1373 476 iu
1396 446 1490 478 hanc
1510 449 1655 490 partem

368 497 539 520 errassen
560 511 568 519 .

236 536 339 566 33.-
359 534 390 564 4.
416 534 499 564 rite.
548 534 659 565 Immo
683 535 791 566 recte.
841 534 917 565 vid.
943 533 986 565 ad
1012 535 1054 573 3,
1078 535 1112 565 3.

240 607 275 613 —
297 606 334 612 -
361 589 415 620 13.
448 599 472 620 a
505 589 653 622 Latinis
683 590 818 621 Literis
855 591 1090 622 desuesceret.
1149 590 1256 620 Silius
1295 590 1372 622 Ital.
1406 590 1475 629 Ill,
1498 590 1577 623 575.
1601 601 1655 633 sq.

372 635 469 665 Gens
491 635 587 675 serre·
614 637 760 676 patiens
790 643 836 666 ac
861 636 958 667 laeta
983 635 1134 666 domare
1164 635 1311 666 labores
1334 634 1524 667 Paulatim
1555 638 1657 668 anti-

370 688 440 720 quo
462 679 614 718 patrum
647 679 825 711 desuescit
847 680 987 711 honori.
1049 679 1179 711 Cicero
1205 679 1342 711 cluent.
1366 680 1422 711 40.
1448 680 1657 713 multitudi-

370 732 450 755 nem
473 725 546 755 iam
570 725 820 765 desuefactam
836 735 861 756 a
879 725 1114 756 contionibus.
1161 724 1215 756 Cf.
1240 724 1436 766 infra⁸pag.
1459 726 1544 765 138,
1568 727 1600 757 3.
1614 743 1652 749 -

370 770 479 800 Paulo
513 775 593 808 post
624 778 675 800 vs.
707 769 763 801 20.
805 778 869 810 pro
904 770 1024 801 adhuc
1059 769 1261 810 praestabat
1293 771 1369 802 tum
1400 771 1569 804 scribere.
1610 772 1654 804 cf.

371 815 414 845 ad
437 814 493 853 27,
518 815 550 845 8.

236 869 414 902 3-1.--11.
446 879 621 910 praesens
646 871 757 901 Iocus.
804 871 1032 901 scribendum
1067 872 1166 901 erat:
1204 871 1234 901 is
1265 878 1368 911 quem
1392 872 1469 903 tum
1499 872 1658 904 maoeime

370 915 561 946 tractabat
584 914 693 946 locus.
742 913 795 946 Cf.
821 916 861 945 ad
887 916 919 952 5,
936 916 969 945 7.
1017 916 1099 946 Mox
1124 917 1157 945 in
1184 915 1304 946 verbis
1335 924 1389 946 vs.
1409 925 1461 957 sq.
1486 917 1657 948 animad-

372 960 536 991 vertebat
557 960 607 991 ad
630 961 921 1000 compositionem
947 960 1141 991 omittenda
1166 964 1247 991 erar1
1271 962 1509 1002 praepositio,
1547 964 1656 1002 siqui-

372 1005 450 1036 dem
475 1005 769 1036 mzz'madvertere
801 1013 871 1036 non
896 1007 1115 1038 construitur
1146 1006 1212 1036 nisi
1245 1013 1320 1037 cum
1351 1007 1512 1046 simplice
1536 1015 1656 1039 accus.

369 1049 423 1080 Cf.
449 1050 576 1081 Krebs.
593 1049 712 1080 Antib.
738 1058 815 1090 pag.
834 1049 912 1081 160.

239 1123 274 1129 -
298 1122 334 1128 —-
360 1105 414 1136 17.
441 1114 513 1136 uno
537 1107 572 1136 et
594 1106 764 1137 continuo
790 1106 926 1136 tenore.
975 1105 1096 1136 Livius
1122 1106 1271 1144 XXXV,
1296 1105 1348 1136 16.
1376 1114 1447 1137 uno
1470 1105 1506 1137 et
1527 1115 1658 1147 perpe-

372 1152 435 1182 tuo
461 1151 595 1181 tenore.
642 1149 767 1189 XLlV,
795 1149 845 1180 13.
871 1151 1017 1191 aequali
1047 1152 1182 1182 tenore.
1227 1151 1294 1181 vid.
1329 1150 1492 1182 Glossar.
1519 1152 1658 1184 Livian.

372 1204 451 1235 pag.
477 1195 630 1235 Kreyss.
657 1196 734 1225 659.
785 1194 970 1226 Ciceronis
996 1198 1052 1226 est
1075 1204 1172 1237 uno,
1208 1197 1250 1227 ut
1282 1195 1412 1238 aiunt,
1438 1197 1572 1228 tenore.
1610 1198 1658 1228 cf.

370 1241 413 1272 ad
439 1242 566 1272 Mur-et.
602 1240 680 1271 Vol.
701 1241 724 1271 Ι.
752 1248 830 1280 pag.
849 1241 926 1271 359.
955 1243 1010 1281 qui
1035 1242 1112 1279 ipse
1146 1249 1391 1281 nonnunquam
1415 1241 1505 1274 bene
1528 1241 1659 1274 addidit

370 1286 499 1327 quasi.-
525 1294 598 1317 uno
622 1286 728 1327 quasi
752 1287 885 1316 tenore.

237 1343 339 1374 35.-
358 1341 389 1373 1.
416 1341 606 1372 emere-itio.
656 1340 883 1372 Emer-citium
915 1349 979 1381 pro
1013 1340 1279 1373 exercitatione
1311 1340 1456 1381 perinde
1481 1341 1659 1372 vitandum

373 1391 428 1418 est
455 1391 491 1418 ut
513 1387 850 1417 exercitamentum.
900 1387 998 1424 Quod
1025 1389 1143 1417 statim
1168 1388 1332 1426 sequitur
1356 1388 1481 1427 sponte
1505 1390 1542 1417 et
1567 1387 1656 1426 apud

370 1432 539 1462 meliores
563 1438 634 1461 non
661 1431 823 1462 absolute
847 1431 995 1469 dicitur,
1018 1433 1079 1463 sed
1105 1440 1248 1471 semper
1280 1434 1442 1471 coniungi
1472 1439 1550 1463 cum
1574 1440 1660 1471 pro-

372 1478 513 1508 nomine
554 1476 666 1515 solet,
708 1484 772 1515 pro
816 1485 859 1508 eo
903 1478 1030 1508 melius
1074 1477 1128 1508 hic
1166 1481 1220 1509 est
1254 1477 1366 1508 ultro.
1409 1476 1453 1507 cf.
1489 1476 1660 1509 Doederl.

371 1526 568 1562 synouym.
594 1520 744 1562 lll.pag.
770 1520 844 1552 103.

237 1579 290 1610 37.
305 1595 340 1601 —-
356 1578 387 1610 1.
415 1580 458 1609 ut
480 1580 517 1609 in
539 1577 732 1618 proverbio
756 1578 819 1608 est.
867 1578 926 1608 Sic
952 1581 1050 1610 recte
1068 1578 1256 1618 VVytt-enb.
1283 1580 1319 1609 et-
1344 1578 1397 1609 sic
1412 1575 1540 1609 Cicero
1561 1576 1660 1609 Orat.

372 1624 405 1663 S.
425 1623 502 1655 235.
551 1623 647 1654 Idem
673 1623 738 1654 dici
765 1623 893 1654 licebat
918 1624 956 1653 a!
979 1623 1172 1663 proverbio
1195 1623 1350 1663 dic-itur,
1383 1631 1448 1663 pro
1472 1630 1541 1662 quo
1565 1631 1661 1656 nunc

370 1669 473 1700 multi
509 1676 693 1707 perperam
720 1668 896 1707 scribunt,
929 1669 971 1698 ut
1002 1669 1038 1698 in
1069 1668 1260 1708 proverbio
1291 1668 1439 1699 dicitur.
1481 1667 1542 1708 (cf.
1565 1668 1663 1700 infra

371 1722 449 1754 pag.
466 1713 542 1753 110,
565 1713 639 1753 23.)
664 1713 792 1745 Cicero
816 1713 903 1744 Phil.
928 1712 1030 1753 ΧΙΙΙ,
1057 1712 1111 1744 12.
1139 1719 1230 1745 extr.
1255 1714 1350 1755 qaod
1372 1712 1558 1754 proverbii
1581 1713 1660 1745 loco

370 1759 444 1790 diez·
467 1759 568 1789 solet.

242 1821 277 1828 -—
303 1820 339 1828 -
357 1805 392 1837 2.
419 1804 522 1834 modo
546 1804 583 1833 in
608 1804 689 1844 hoc,
714 1803 818 1834 modo
843 1803 879 1833 in
906 1803 990 1834 alio.
1029 1802 1138 1833 lmmo
1162 1804 1266 1834 modo
1291 1803 1392 1843 apud
1416 1803 1528 1844 hunc,
1553 1803 1658 1834 modo

372 1848 471 1889 apud
502 1849 635 1887 alium,
668 1848 726 1879 vel
758 1848 862 1879 modo
886 1845 1016 1889 huiusj,
1050 1848 1154 1879 modo
1178 1848 1284 1880 alius.
1338 1847 1413 1879 vid.
1437 1848 1515 1879 adn.
1542 1856 1587 1878 m.
1613 1848 1657 1878 ad

373 1893 592 1932 Quinctiliau.
619 1894 664 1932 X,
689 1893 720 1931 2,
747 1893 800 1924 15.

241 1967 277 1974 --
304 1966 338 1973 -—
363 1949 418 1981 10.
451 1956 561 1980 ‘'zea'u.
611 1948 664 1979 De
696 1949 764 1979 hoc
796 1949 991 1987 vocabulo,
1024 1949 1113 1988 quod
1147 1955 1323 1987 nunquam
1356 1956 1454 1988 eam,
1486 1955 1551 1988 qua
1576 1949 1608 1979 h.
1633 1949 1658 1980 1.

375 1996 524 2034 positum
550 1997 620 2032 est,
655 1992 952 2033 significationem
985 1994 1101 2025 habuit
1124 1994 1215 2033 apud
1242 1996 1402 2034 veteres,
1435 1993 1505 2024 vid.
1529 1993 1658 2025 Krebs.

374 2040 491 2070 Antib.
519 2047 596 2079 pag.
617 2038 697 2069 525.

243 2103 278 2109 -
302 2101 339 2108 —-
363 2085 414 2116 15.
443 2086 478 2115 z'n
504 2084 738 2115 adversaria.
787 2083 884 2114 Malo
913 2084 950 2113 in
975 2083 1268 2114 commentarios.
1318 2082 1545 2114 Adversaria
1571 2091 1661 2124 quae

374 2131 542 2161 Romanis
567 2129 713 2166 fuerint,
736 2128 865 2159 docent¹
887 2128 1028 2159 Lexicu.
1055 2128 1134 2158 Vid.
1150 2128 1278 2159 Krebs.
1292 2129 1472 2160 Antibarb'.
1491 2137 1572 2168 pag.
1585 2128 1660 2159 132.

373 2176 414 2206 ln
438 2175 557 2205 verbis
583 2174 689 2213 paulo
715 2177 796 2212 post
818 2174 1044 2213 sequentibus
1067 2174 1245 2214 primum,
1271 2175 1311 2205 ut
1335 2178 1401 2204 etc.
1429 2178 1484 2204 est
1508 2175 1665 2204 fortasse

376 2222 433 2260 qui
456 2219 550 2260 quod
576 2219 783 2258 particulam
804 2221 841 2248 et
865 2219 1076 2249 indicativus
1094 2220 1269 2257 requirat,
1293 2218 1357 2248 sed
1375 2219 1478 2249 habet
1488 2218 1665 2258 wytten-

375 2266 518 2297 bachius
542 2273 608 2304 quo
635 2272 725 2304 quae
748 2265 891 2302 scripsit
916 2267 1070 2295 tueatur.
1108 2262 1162 2294 Cf.
1189 2271 1268 2303 pag.
1284 2262 1340 2293 44.
1366 2272 1422 2293 vs.
1446 2264 1479 2294 5.
1497 2271 1571 2303 sqq.

240 2323 347 2354 33.-
367 2321 396 2353 1.
431 2321 590 2351 inductio
622 2324 698 2359 est,
739 2327 828 2359 quae
866 2318 1017 2350 Graecis
1042 2318 1242 2349 rhetoribus
1273 2315 1434 2359 ἐπαγωγή
1469 2317 1661 2349 dicebatur.

379 2366 477 2404 Quod
510 2366 668 2404 sequitur
698 2365 761 2396 sub
793 2373 904 2395 manu
935 2364 1029 2394 idem
1074 2367 1132 2394 est
1168 2363 1257 2403 quod
1292 2362 1356 2394 sub
1390 2371 1537 2394 manum
1568 2363 1662 2401 (vid.

379 2413 492 2442 Brenn.
518 2410 560 2441 ad
586 2412 730 2440 sueton.
757 2408 884 2440 Octav.
909 2408 982 2449 49.)
1009 2409 1067 2439 vel
1101 2409 1197 2439 inter
1222 2416 1379 2449 marim,
1417 2408 1460 2439 de
1492 2415 1560 2448 quo
1592 2407 1661 2439 vid.

375 2457 504 2487 Krehs.
530 2455 646 2485 Anlib.
670 2463 750 2494 pag.
772 2454 850 2485 482.

247 2520 283 2526 -
308 2519 344 2524 —
367 2502 420 2532 12.
448 2500 640 2542 quibusvis.
690 2500 799 2530 Immo
824 2498 1019 2540 quibusque
1045 2497 1102 2529 vel
1129 2499 1245 2537 polius
1269 2498 1436 2540 sinyulis.

247 2576 281 2582 —
308 2557 340 2582 -“
366 2557 419 2589 14.
446 2555 667 2597 compendio.
716 2556 813 2586 Hauc
838 2562 962 2585 vocem
999 2553 1071 2583 alio
1107 2562 1214 2584 sensu
1251 2554 1467 2592 usurpabant
1504 2555 1660 2584 veteres.

378 2605 495 2633 satius
529 2605 607 2632 erat
639 2600 797 2632 libellum
829 2599 970 2630 dixisse.
1026 2598 1079 2628 Cf.
1115 2599 1155 2629 ad
1182 2600 1310 2631 Muret.
1338 2599 1416 2629 Vol.
1438 2599 1463 2628 l.
1490 2605 1568 2638 pag.
1585 2598 1664 2629 365.

378 2647 504 2679 Krebs.
532 2647 647 2676 Antil).
674 2653 751 2685 pag.
775 2643 853 2674 230.
900 2645 985 2674 Mox
1010 2651 1074 2682 pro
1098 2643 1343 2683 peculiambus
1375 2642 1560 2674 dicendum
1585 2646 1664 2674 erat

377 2691 636 2732 sinyularibas.
669 2690 715 2720 cf.
740 2690 782 2720 ad
809 2697 887 2729 pag.
905 2693 1015 2720 nostr.
1041 2688 1074 2727 2,
1097 2690 1132 2719 5.

249 2767 286 2774 --
311 2765 347 2772 -
366 2748 421 2779 22.
448 2745 832 2779 animadversiombus.
871 2745 944 2776 Hoc
968 2752 1045 2775 voc.
1073 2751 1137 2782 pro
1162 2743 1466 2776 adnotationibus
1489 2751 1663 2784 usurpare

379 2793 570 2827 absurdum
595 2793 658 2822 est.
707 2790 784 2822 vid.
800 2790 929 2822 Krebs.
945 2789 1064 2821 Antib.
1088 2796 1167 2829 pag.
1181 2787 1256 2818 159.
