1816 3233
862 188 1168 229 ..136-

279 303 457 340 suaviter
475 303 524 339 ad
545 302 827 350 delectandum,
847 302 1037 350 ⁴graviter
1061 301 1108 336 ad
1139 303 1477 341 commovendum.
1530 304 1690 341 Utrum-

280 370 377 408 que,
417 362 455 395 et
499 359 645 394 Latine
685 361 722 393 et
761 360 856 394 bene
893 359 1089 402 scribere,
1136 357 1297 405 iugenio
1335 361 1385 394 et'·
1411 359 1543 396 labore
1583 361 1690 405 parir

280 420 363 451 tur:
404 416 455 450 ita
487 413 662 460 quidem,
701 420 742 449 ut
783 414 821 450 in
863 414 929 450 illo
970 414 1135 449 maiores
1175 413 1256 450 sint
1294 418 1427 459 partes
1452 415 1622 467 laboris,
1652 416 1690 451 in

281 472 354 506 hoc
383 469 548 516 ingenii.
608 471 651 505 ln
682 473 846 516 utroque
874 470 939 516 qui
971 469 1235 519 excellerent,
1267 470 1493 515 paucissimi
1524 471 1691 508 fuerunt.

282 525 427 570 Veluti,
458 528 500 560 ut
531 525 603 560 hoc
632 529 734 578 utar,
765 537 938 562 summus
973 526 1029 561 vir
1059 529 1097 561 et
1126 525 1355 562 Latinitatis
1385 526 1551 562 scientia
1580 528 1690 572 prin-

281 591 385 626 cepS‚
416 582 470 616 10.
491 581 604 618 Fred.
631 583 863 629 Gronovius,
889 591 989 628 pure
1019 582 1193 629 scripsit,
1225 582 1324 617 bene
1356 593 1429 618 non
1460 582 1574 627 item3
1607 594 1691 619 nam

279 640 316 672 et
355 637 626 683 perspicuitati
666 642 704 673 et
744 638 1038 684 compositionis
1079 638 1259 673 facilitati
1297 639 1535 684 aliquantum
1566 639 1693 685 deest,

281 696 320 728 et
351 703 442 728 vero
482 693 686 739 plurimum
718 695 926 746 suavitati,
958 704 1056 739 quae
1087 704 1164 729 una
1192 694 1361 729 omnium
1391 695 1603 741 praecipua
1633 698 1694 730 est

180 744 260 780 2⁶28
283 749 366 785 dos.
423 749 608 785 Muretus
647 755 685 786 et,
717 753 909 787 Ernestus
950 752 1048 786 benc
1078 750 1347 800 scripserunt,
1379 761 1475 796 pure
1506 751 1623 787 etiam
1653 750 1693 785 in

281 805 413 840 habitu
442 809 481 841 et
512 807 654 850 fortna3
696 807 749 841 ita
778 810 931 857 tamen,
969 809 1008 846 ut
1039 805 1078 841 in
1109 806 1280 852 singulis
1312 807 1441 842 verbis
1473 818 1519 842 ac
1549 806 1693 842 dictio-

280 861 394 896 nibus
433 861 576 906 aliquid
615 862 781 898 subinde
820 863 991 898 sordium
1031 861 1353 897 adhaeresceret:
1395 863 1496 908 quod
1526 863 1565 898 in
1596 862 1694 899 Mu-

280 921 363 952 reto
393 918 543 953 notavit
571 918 854 954 Ruhnkcnius:
885 920 925 954 in
955 919 1124 953 Ernesto
1155 918 1246 953 item
1281 923 1412 953 notare
1443 921 1618 966 poterat,
1658 918 1693 953 si

281 973 354 1008 hoc
383 983 504 1021 agere
535 973 738 1009 voluisset.
779 975 909 1022 Igitur
938 974 1042 1009 docti
1070 973 1245 1008 homines
1278 974 1429 1019 plurimi
1461 979 1565 1011 tanta
1597 975 1694 1010 bene

279 1028 420 1064 Latine
451 1029 648 1064 scribendi
678 1030 908 1066 difficultate
938 1029 1160 1078 absterriti,
1201 1029 1372 1064 studium
1401 1040 1514 1065 suum
1544 1030 1590 1064 ad
1622 1040 1693 1065 so-

278 1084 353 1120 lam
385 1085 569 1119 materiae
610 1095 814 1130 rerumque
851 1085 1114 1132 cognitionem
1154 1085 1391 1129 retulerunt,
1430 1095 1554 1131 eaque
1593 1096 1693 1121 con-

279 1139 390 1185 tenti,
422 1141 474 1175 ita
505 1141 762 1191 scripserunt,
792 1145 834 1176 ut
866 1144 1086 1187 potuerunt.
1137 1141 1275 1185 Neque
1307 1141 1464 1176 dubium
1497 1145 1571 1190 est,
1601 1141 1692 1188 quin

278 1196 359 1230 stili
391 1196 581 1241 limaeque
612 1208 704 1233 cura
746 1198 949 1244 neglecta,
990 1197 1130 1242 hisque
1162 1197 1291 1232 debito
1331 1201 1505 1243 tempore
1543 1198 1591 1232 ad
1632 1198 1692 1232 le-

279 1252 444 1287 ctionem
475 1252 637 1297 collato,
669 1253 869 1299 aliquanto
899 1253 1095 1289 doctiores
1134 1253 1172 1288 in
1205 1253 1290 1298 ipsa
1318 1254 1483 1289 materia
1512 1254 1692 1299 locuple-

278 1307 477 1353 tioresque
516 1310 753 1346 exstiterint.
814 1310 898 1352 Quo
936 1310 1064 1356 magis
1102 1309 1283 1344 admirari
1323 1309 1509 1346 debemus
1551 1310 1692 1346 Ruhn-

278 1364 456 1399 kenium:
487 1365 578 1414 qui,
620 1369 658 1401 et
689 1366 727 1401 in
758 1376 887 1401 rerum
924 1368 1109 1401 accurata
1139 1366 1385 1413 cognitione,
1429 1370 1468 1402 et
1505 1366 1694 1402 orationis

278 1420 445 1468 egregia
475 1422 680 1467 facultate,
721 1426 757 1457 et
788 1422 904 1458 huius
935 1422 1089 1467 quidem
1121 1425 1285 1466 utraque
1317 1425 1444 1474 parte,
1485 1426 1524 1458 et
1554 1423 1693 1458 Latine

278 1481 316 1511 et
347 1477 446 1512 bene
476 1477 709 1529 scribendo,
751 1479 804 1513 ita
836 1478 980 1523 valuit,
1010 1483 1053 1513 ut
1083 1478 1121 1512 in
1156 1478 1398 1523 principibus
1429 1479 1525 1513 adeo
1558 1479 1694 1513 harum

277 1532 431 1568 laudum
464 1533 687 1570 excelleret.
749 1534 822 1576 Qui
863 1535 948 1569 eius
989 1534 1137 1579 scripta
1166 1534 1329 1583 legunt,
1373 1534 1548 1569 homines
1580 1534 1694 1570 etiam

280 1588 417 1624 Latine
449 1589 695 1625 mediocriter
735 1596 770 1626 et
820 1590 868 1625 ad
909 1591 1111 1637 vulgarem
1151 1590 1302 1625 modum
1343 1589 1469 1637 docti,
1508 1590 1693 1626 continuo

278 1645 484 1689 capiuntur
528 1646 831 1697 perspicuitate,
880 1647 1095 1695 facilitate,
1145 1646 1366 1693 suavitate,
1414 1647 1694 1682 sententiarum
1732 1677 1737 1682 ,

279 1704 484 1736 venustate
515 1705 553 1737 et
584 1702 815 1738 luminibus:
849 1703 913 1748 qui
945 1713 1037 1739 vero
1068 1706 1272 1748 praeterea
1301 1702 1416 1749 gnari
1447 1706 1539 1738 sunt
1570 1703 1694 1738 bonae

278 1756 527 1798 Latinitatis,
562 1758 663 1793 haud
697 1758 821 1794 minus
853 1759 1040 1794 mirantur
1070 1759 1174 1793 illam
1206 1759 1243 1793 in
1276 1759 1454 1794 omnibus
1485 1760 1616 1794 verbis
1646 1769 1693 1794 ac

277 1814 358 1846 tota
386 1813 560 1848 oratione
592 1814 816 1858 puritatem,
856 1814 1099 1859 castitatem,
1139 1814 1429 1865 sinceritatem,
1464 1824 1691 1861 germanum

275 1866 384 1902 illum
416 1869 614 1905 Romanae
644 1870 819 1905 civitatis
850 1874 967 1914 atque
998 1869 1231 1905 urbanitatis
1254 1869 1425 1905 habitum
1448 1874 1486 1906 et
1507 1870 1692 1920 colorem,

277 1922 381 1958 illam
412 1924 450 1958 in
482 1924 619 1972 lingua
649 1926 822 1973 antiqua,
856 1936 928 1960 nec
959 1927 1035 1960 nisi
1066 1926 1176 1960 libris
1206 1935 1252 1959 ac
1281 1925 1440 1970 scriptis
1462 1935 1687 1961 monumen-

178 1976 328 2013 229tis
360 1983 529 2025 servata,
562 1981 663 2015 haud
696 1991 813 2016 secus
844 1984 960 2026 atque
990 1982 1028 2016 in
1062 1981 1280 2017 recentiore
1311 1981 1448 2029 lingua
1478 1982 1585 2017 vitae
1617 1982 1692 2017 ho-

277 2035 498 2080 minumque
540 2037 763 2081 quotidiano
802 2047 876 2072 usu
925 2029 1168 2082 frequentata
1206 2040 1246 2071 et
1285 2037 1411 2079 culta,
1456 2038 1606 2084 copiam
1645 2049 1692 2073 ac

276 2092 500 2137 solertiam,
544 2102 594 2127 ex
623 2093 692 2127 illa
721 2093 902 2139 materia,
944 2097 1136 2137 tamquam
1168 2103 1280 2143 cera,
1311 2095 1560 2141 egregiarum
1591 2102 1692 2140 qua·-

277 2157 528 2192 rumcnmque
559 2148 838 2195 cogitationum
870 2149 1170 2184 venustissimus
1201 2149 1395 2195 imagines
1425 2151 1690 2198 effingentem.

277 2204 384 2246 Quae
414 2203 514 2248 laus,
545 2205 723 2249 quamvis
760 2205 971 2252 mirabilis,
1010 2204 1223 2240 mirabilior
1262 2205 1377 2239 etiam
1411 2206 1628 2250 videbitur,
1658 2206 1693 2242 si

275 2262 499 2304 reputemus
531 2260 685 2305 quantis
725 2261 762 2296 in
796 2262 958 2296 Latinae
996 2261 1157 2308 linguae
1198 2260 1396 2307 angustiis
1434 2265 1542 2295 tanta
1580 2261 1693 2306 copia

277 2317 315 2349 et
353 2316 511 2350 ubertas
559 2317 748 2352 orationis
790 2317 1000 2354 exstiterit.
1079 2317 1341 2352 Ruhnkenius
1381 2317 1420 2351 in
1460 2317 1606 2352 iudicio
1645 2327 1692 2352 ac

275 2370 443 2405 scientia
471 2371 653 2416 puritatis
683 2373 913 2408 incredibile
951 2373 1123 2408 studium
1155 2373 1340 2419 ponebat:
1378 2372 1535 2420 singula
1575 2374 1694 2409 verba

277 2428 316 2461 et
355 2427 676 2472 compositionem
715 2429 762 2463 ad
813 2439 926 2464 usum
967 2430 1133 2474 optimae
1177 2428 1322 2477 aetatis
1366 2429 1573 2476 exigebat:
1617 2429 1693 2465 huc

277 2482 474 2518 referebat
504 2487 542 2519 ct
583 2486 793 2520 annotabat
832 2485 1016 2531 quidquid
1048 2486 1109 2520 vel
1147 2485 1233 2530 ipse
1280 2485 1457 2532 legendis
1497 2485 1692 2521 Auctori-

277 2538 351 2573 bus
390 2539 740 2585 animadverteret,
790 2541 854 2575 vel
893 2553 915 2575 a
961 2541 1245 2577 recentioribus
1294 2540 1513 2576 hominibus
1554 2541 1694 2588 doctis,

279 2603 364 2628 cum
395 2594 434 2629 in
466 2597 752 2632 commentariis
783 2597 830 2632 ad
861 2599 1028 2633 Veteres
1059 2599 1265 2644 Auctores,
1296 2600 1376 2632 tum
1405 2597 1444 2632 in
1478 2598 1691 2642 peculiari-

279 2650 350 2685 bus
383 2650 430 2685 de
460 2652 672 2688 Latinitate
702 2653 836 2701 libris,
877 2654 1010 2699 quales
1048 2657 1138 2689 sunt
1170 2652 1326 2697 Vossii,
1364 2653 1562 2704 Scioppii,
1599 2654 1693 2690 Cel-

279 2705 384 2758 larii,
413 2706 601 2757 aliorum,
633 2719 794 2754 quorum
825 2711 991 2746 omnium
1021 2710 1169 2755 scripta
1198 2709 1431 2754 inventaque
1460 2712 1694 2755 pertractata

282 2762 458 2807 habebat,
490 2767 527 2798 et
558 2765 779 2811 quotidiano
811 2777 883 2801 usu
925 2767 1174 2812 conterebat,
1204 2765 1518 2801 animadversum
1549 2766 1695 2811 depre-
