1833 3237
292 293 598 338 nancisceretur,
637 290 678 326 id
719 292 794 336 est,
833 288 1026 325 eiusmodi
1066 299 1167 335 quae
1204 299 1289 325 cum
1329 290 1441 326 bonis
1472 291 1713 326 fortunarum

294 361 342 386 ac
371 348 522 385 divitiis
562 348 669 381 esset
700 344 922 382 coniuncta.
983 347 1160 381 Tenebat
1200 345 1253 393 id,
1295 346 1396 390 quod
1438 357 1461 381 a
1491 346 1714 382 senioribus

295 405 512 448 audiverat,
553 403 591 436 et
629 400 763 437 multis
801 401 842 437 in
889 405 1092 447 utramque
1131 405 1282 447 partem
1321 403 1512 447 exemplis
1552 402 1714 437 edoctus

296 463 394 507 erat,
433 456 579 493 homini
617 456 657 492 in
697 456 916 493 Literarum
966 456 1243 503 doctrinaeque
1285 457 1429 492 studiis
1469 458 1631 503 viventi,
1679 457 1714 493 si

297 525 370 550 non
411 513 497 559 ipse
536 512 677 548 habeat
707 523 804 558 rem,
842 523 1002 549 uxorem
1044 516 1110 549 aut
1142 513 1285 549 nullam
1317 523 1406 548 esse
1438 514 1712 561 quaerendam,

296 573 364 606 aut
402 578 486 605 eam
527 578 625 615 quae
665 567 810 614 aliquid
852 569 909 605 rei
949 569 1135 606 adferret.
1197 568 1304 612 Quod
1342 562 1433 604 'eius
1474 569 1712 614 propositum

295 623 520 671 inopinatus
566 634 684 659 casus
730 624 860 661 elusit.
930 625 1106 660 Venerat
1145 624 1438 661 Amstelodamo
1477 623 1714 670 Lugdunum

297 690 418 726 nuper
457 679 670 717 habitatum
710 690 845 728 senex,
885 680 1073 715 honestus
1110 680 1224 727 civis,
1269 680 1467 717 Gerardus
1497 680 1716 726 lleirmanS,

205 736 487 783 120quondam
546 740 741 772 mercator
799 738 837 771 ct
884 739 1126 771 mercaturae
1178 737 1411 771 Batavorum
1472 738 1715 781 procurator,

296 792 505 830 Consulem
544 792 665 839 vulgo
708 793 860 837 vocant,
898 790 937 826 in
977 791 1116 827 Italiae
1156 794 1268 837 portu
1318 791 1505 839 Liburno,
1554 800 1714 826 uxorem

295 858 429 884 secum
466 848 616 883 habens
655 857 702 882 ac
742 846 839 882 duas
869 846 950 882 illic
978 848 1055 883 sibi
1093 858 1143 883 ex
1173 858 1220 882 ea
1251 850 1361 882 natas
1390 847 1505 883 filias.
1569 848 1714 882 Harum

297 908 391 940 natu
419 903 555 949 minor,
593 903 826 950 Mariamne,
867 913 976 938 rarae
1006 905 1089 939 erat
1118 902 1392 948 pulcritudinis
1423 903 1572 949 puella:
1615 912 1716 947 quae

296 959 332 996 si
363 960 531 995 Crotone
561 959 730 995 vixisset
761 959 951 995 zeuxidis
964 955 1004 1005 *J
1046 963 1230 1006 tempore,
1271 959 1306 994 is
1336 969 1420 994 eam
1464 958 1566 993 haud
1598 957 1715 993 dubie

296 1015 336 1050 in
368 1014 540 1060 quinque
579 1014 659 1049 illis
686 1014 853 1061 legisset
893 1014 1047 1061 puellis,
1088 1026 1109 1050 e
1148 1024 1307 1059 quarum
1349 1014 1537 1058 exemplis
1566 1013 1716 1060 imagi-

299 1080 384 1105 nem
424 1070 597 1105 Helenae
632 1068 754 1106 duxit.
825 1069 980 1105 Aetatis
1012 1073 1094 1105 erat
1123 1070 1208 1115 ipse
1247 1069 1332 1117 flos,
1374 1067 1716 1104 duodevicesimus

298 1135 446 1160 annus:
484 1124 568 1160 ssori
607 1134 830 1172 congruens
870 1125 976 1161 color
1015 1125 1211 1175 sanitatis,
1259 1125 1398 1160 niveus
1430 1125 1575 1159 candor
1605 1134 1719 1160 roseo

298 1181 438 1217 rubore
478 1178 743 1228 suffusus:**)
795 1185 835 1217 et
873 1182 912 1217 in
951 1181 1122 1229 singulis
1171 1180 1346 1227 partibus
1389 1181 1563 1227 corporis
1603 1184 1642 1215 et
1678 1180 1718 1216 in

298 1236 486 1274 universa
525 1237 833 1272 conformatione
872 1237 999 1273 omnia
1040 1240 1149 1273 erant
1191 1237 1396 1280 concinna,
1443 1237 1569 1271 omnia
1604 1236 1718 1282 plena

299 1293 414 1328 simul
445 1295 483 1328 et
514 1292 733 1328 venustatis
765 1295 803 1329 et
833 1293 1061 1341 dignitatis:
1092 1293 1130 1328 in
1161 1293 1273 1328 vultu
1303 1296 1341 1331 et
1369 1293 1494 1328 oculis
1517 1292 1717 1328 dubitares

299 1349 439 1395 plusne
467 1346 617 1383 inesset
646 1348 820 1384 laetitiae
850 1360 898 1384 an
919 1349 1158 1394 maiestatis3
1190 1348 1242 1384 nil
1263 1349 1483 1394 proterviae
1510 1351 1578 1384 aut
1607 1348 1717 1384 levi-

299 1405 405 1452 tatis,
445 1407 579 1440 contra
616 1404 780 1440 evidens
819 1405 1057 1452 significatio
1089 1405 1302 1441 modestiae
1332 1408 1370 1440 et
1399 1405 1635 1450 sapientiae:
1676 1403 1716 1439 in

297 1460 448 1508 habitu,
478 1463 610 1509 gestu,
641 1464 757 1507 motu,
789 1461 992 1507 plurimum
1024 1462 1198 1508 gratiae:
1242 1462 1280 1496 in
1312 1464 1461 1496 statura
1491 1463 1530 1495 et
1558 1461 1719 1495 incessu

298 1516 482 1552 heroicus
522 1516 677 1561 quidam
725 1517 855 1566 decor,
902 1517 942 1552 in
991 1527 1103 1563 quem
1156 1516 1362 1553 verissime
1410 1515 1510 1551 illud
1550 1515 1719 1566 valeret,

298 1581 393 1607 vera
423 1573 579 1608 incessu
607 1573 741 1618 ραίιιὶι
771 1569 977 1620 Dea:***)
1019 1573 1053 1608 si
1085 1573 1322 1619 loqueretur,
1358 1572 1411 1608 nil
1443 1575 1596 1618 poterat
1626 1571 1718 1607 dul-

298 1627 398 1674 cius,
428 1627 483 1662 nil
513 1627 732 1674 amabilius,
763 1628 830 1664 illa
858 1638 954 1664 voce
983 1628 1132 1664 audiri:
1172 1629 1207 1664 si
1239 1631 1410 1675 caneret,
1453 1638 1540 1663 nam
1570 1630 1609 1663 et
1640 1628 1714 1664 hoc

298 1683 550 1729 probabiliter
591 1684 804 1730 factitabat,
846 1687 888 1720 ut
927 1694 977 1720 ex
1018 1684 1152 1730 pulcro
1193 1694 1260 1720 ore
1302 1683 1472 1731 pulcrior
1512 1684 1629 1719 etiam
1669 1682 1717 1718 ad
1774 1724 1777 1728 ἢ

299 1749 417 1774 aures
447 1739 649 1773 accidebat
680 1750 817 1776 sonus.
877 1739 1137 1775 Ruhnkenius
1162 1750 1236 1775 non
1265 1743 1349 1775 erat
1380 1750 1505 1776 novus
1535 1739 1575 1775 in
1605 1749 1719 1775 amo-

301 1803 366 1830 re:
399 1795 584 1838 expertus
616 1797 700 1828 erat
731 1795 821 1839 quid
854 1797 977 1842 esset,
1007 1798 1046 1830 ct
1075 1804 1219 1842 amare,
1251 1798 1290 1830 et
1318 1794 1459 1831 amari:
1491 1795 1560 1829 sed
1592 1795 1720 1830 adhuc

302 1849 426 1896 magis
458 1850 586 1884 fuerat
616 1849 778 1897 elegans
801 1851 1009 1886 formarum
1037 1854 1248 1895 spectator,
1277 1861 1391 1896 quam
1422 1853 1589 1885 amator:
1620 1850 1714 1886 Ari-

300 1902 500 1953 stippi†]
542 1906 731 1950 exempto,
773 1906 923 1941 solebat
965 1906 1091 1952 magis
1132 1906 1276 1941 habere
1317 1916 1429 1952 quam
1467 1905 1616 1942 haberi.
1673 1907 1719 1942 In

303 1960 421 1997 huius
451 1970 543 1995 vero
575 1961 728 2005 puellae
749 1961 974 2006 adspectum
1006 1965 1045 1996 et
1063 1961 1296 2006 colloquium
1328 1972 1442 2007 quum
1473 1963 1572 1997 forte
1602 1962 1720 1997 veni-

215 2020 379 2063 121ret,
429 2018 566 2061 captus
614 2021 685 2059 est,
733 2028 803 2053 nec
843 2017 952 2052 modo
992 2020 1145 2070 eaptus,
1192 2018 1261 2052 sed
1313 2017 1466 2065 ingenti
1505 2027 1719 2063 percussus

306 2082 450 2108 amore.
506 2073 629 2109 Erant
667 2073 733 2118 qui
772 2076 912 2108 tantam
953 2072 1096 2109 amoris
1141 2073 1440 2122 vehementiam,
1482 2077 1525 2109 ut
1554 2073 1719 2108 alienam

308 2247 338 2284 ‘)
361 2246 491 2277 cicero
517 2247 653 2278 invent.
687 2249 729 2287 ΙΙ,
773 2248 800 2278 1.
865 2251 1057 2288 Dionysius
1083 2251 1197 2282 lialie.
1229 2250 1329 2280 Toni.
1365 2249 1406 2280 ΙΙ.
1441 2258 1474 2288 p.
1507 2250 1561 2278 68.
1610 2248 1722 2278 Vate-

350 2293 425 2321 rius
449 2292 541 2321 Max.
569 2291 629 2331 111,
656 2292 690 2322 7.
717 2293 796 2324 Ext.
823 2296 857 2325 3.
905 2294 1026 2325 lunius
1052 2295 1086 2325 iu
1113 2295 1287 2334 catalogo
1312 2293 1495 2324 Artificum
1522 2303 1553 2332 p.
1579 2293 1662 2324 232.

309 2356 355 2393 ¹⁹⁸)
379 2357 584 2387 Maximiani
609 2358 710 2399 Eleg.
738 2360 763 2399 Ι,
785 2362 842 2392 89.
868 2362 923 2392 ed.
948 2361 1174 2393 Wernsdorf.

443 2410 614 2443 Candida
638 2415 854 2456 contempsi,
881 2417 952 2447 nisi
976 2425 1070 2458 quae.
1093 2414 1236 2458 suffusa
1261 2416 1393 2448 rubore

494 2455 700 2489 Verum-ent
720 2462 891 2500 propriis
916 2470 984 2492 ora
1008 2469 1138 2493 serena
1163 2462 1271 2492 rosis.

442 2499 553 2530 Hunc
583 2501 702 2532 Venus
725 2506 810 2535 ante
835 2506 928 2535 ale'os
952 2504 1021 2536 sibi
1044 2506 1215 2537 vendicat
1239 2506 1323 2546 ipsa
1347 2505 1520 2543 colorem,

490 2544 626 2585 Dictyit
649 2549 685 2578 et
704 2549 830 2588 florem
857 2549 990 2590 Cypris
1014 2551 1140 2592 ubique
1163 2559 1280 2582 suum.
1329 2549 1614 2580 LlNDEMANN.

308 2611 368 2647 ⁸⁰)
393 2610 520 2649 Virgil-
549 2613 634 2643 Aen.
663 2613 689 2653 l,
714 2614 796 2646 409.

315 2676 358 2718 †)
386 2674 515 2705 cicero
537 2678 599 2716 Ep.
621 2680 757 2714 nivei-S.
780 2682 838 2721 tx,
858 2684 912 2714 26.
964 2685 1160 2715 ΧΥΥΠΕΝΒ.
1204 2682 1310 2712 Addit
1332 2682 1592 2712 Lindcmannus
1616 2680 1718 2719 Diog-

361 2721 551 2796 'salem-Fla,
574 2724 606 2763 8,
637 2725 685 2758 15.
708 2723 798 2766 Ἐχω
823 2727 952 2767 Λαίδα,
982 2725 1052 2759 ἀλλ’
1079 2726 1140 2759 οὐκ
1163 2728 1294 2766 ἔχομαι.
1342 2727 1395 2757 Ct'.
1422 2728 1551 2757 Manut.
1581 2725 1622 2756 ad
1651 2725 1723 2755 Cic.
