1833 3237
212 425 294 466 171

206 1765 287 1802 172

877 200 1179 240 —10‘2—

324 317 513 364 quaedam
543 315 688 352 civium
720 311 867 362 opinio,
900 314 1002 360 quod
1022 323 1093 360 per
1112 323 1185 350 sex
1212 322 1334 348 annos
1356 312 1551 350 iuventuti
1575 312 1737 350 Litora·-

323 383 409 410 rum
448 375 487 409 et
528 369 804 416 Philosophiae
842 368 1091 406 institutione
1128 368 1376 415 profuissem.
1431 369 1540 406 Tulit
1569 369 1736 407 Tollius.

324 426 585 467 Ruhnkenius
630 425 773 461 nemini
818 425 934 462 trium
979 435 1135 471 operam
1184 434 1296 460 suam
1337 427 1542 470 praestare
1588 426 1734 471 voluit3

323 483 423 529 quod
465 491 659 528 peraeque
699 481 788 518 eius
829 481 1039 518 fuissemus
1069 480 1276 527 discipuli:
1306 479 1401 515 mihi
1430 482 1557 516 tamen
1588 481 1628 517 in
1657 491 1735 517 au-

322 548 403 574 rem
442 537 612 584 dicebat,
625 533 666 584 *J
704 547 749 573 se
787 537 968 584 ampliori
1007 546 1067 573 me
1104 537 1191 573 loco
1231 535 1478 572 destinasse:
1518 535 1592 571 hoc
1620 536 1736 573 eius-

322 592 423 630 modi
462 597 566 636 erat.
610 596 653 629 ut
694 596 762 628 aut
798 593 874 640 ipsi
913 591 1143 642 aliquando,
1185 595 1253 628 aut
1294 590 1560 628 Valckenario
1589 601 1734 628 succe-

323 649 469 685 derem.
645 684 655 691 ,,

435 703 595 741 Oderici
623 704 781 740 libellus
810 713 886 750 quo
917 705 1070 740 Graeca
1106 702 1341 750 Inscriptio,
1384 701 1581 739 scenicam
1612 700 1738 738 Dida-

322 760 484 796 scaliam
503 759 722 805 continens,
752 760 986 809 illustratur,
1007 763 1048 795 et
1077 758 1305 795 Ruhnkenii
1334 758 1531 794 sententia
1555 758 1605 793 de
1623 757 1739 794 festis

322 815 472 852 Bacchi
501 815 661 860 Atticis,
691 815 845 861 prodita
874 814 914 851 in
946 815 1138 851 Auctario
1157 815 1205 850 ad
1231 813 1488 860 Hesychium,
1518 813 1739 860 reprehen-

321 870 451 920 ditur,
493 872 642 907 Romae
689 871 822 907 editus
869 869 1056 918 (1777.)
1105 873 1145 906 et
1183 880 1322 906 recens
1370 870 1418 905 ad
1460 880 1530 905 nos
1568 869 1738 914 delatus,

320 925 514 963 iucundus
555 927 590 962 ei
631 927 757 974 magis
799 926 873 962 fuit
920 930 1075 972 propter
1100 926 1299 962 doctrinae
1330 925 1580 973 elegantiam,
1622 935 1736 971 quam

320 982 558 1018 iniucundus
598 983 645 1018 ob
691 982 851 1018 editoris
896 982 1129 1018 dissensum.
1207 981 1373 1018 Omnino
1414 981 1556 1017 leniter
1585 981 1740 1018 ferebat

320 1037 627 1083 dissentientes,
675 1037 710 1072 si
751 1049 837 1074 cum
875 1048 1004 1073 rerum
1049 1037 1218 1073 scientia
1258 1029 1485 1072 modestiam
1525 1037 1738 1076 adferrent.

321 1092 405 1135 Quo
435 1093 635 1129 lubentius
674 1095 804 1138 partes
834 1094 882 1128 ab
922 1103 969 1128 eo
999 1093 1096 1128 mihi
1127 1092 1278 1128 delatas
1309 1092 1482 1137 suscepi,
1511 1093 1554 1128 ut
1584 1091 1738 1128 Biblio-

323 1149 464 1184 thecae
505 1147 677 1185 Criticae
715 1149 804 1186 Vol.
835 1150 886 1186 11.
918 1150 1021 1185 Part.
1052 1149 1136 1196 111„
1167 1149 1401 1184 sententiam
1432 1147 1480 1183 de
1510 1147 1641 1183 libello
1671 1147 1739 1184 di-

319 1215 447 1241 cerem
488 1208 527 1240 et
566 1205 690 1240 libere
733 1205 1043 1250 pronunciarem‚
1087 1205 1173 1240 sive
1213 1204 1427 1240 secundum
1469 1203 1619 1251 ipsum,
1651 1202 1739 1239 sive

318 1260 533 1296 secundum
574 1259 796 1298 Odericum.
864 1261 977 1296 Feci:
1018 1263 1057 1295 et
1087 1260 1311 1306 ponderatis
1340 1259 1517 1295 omnibus
1547 1260 1738 1295 Veterum

319 1316 420 1352 locis
450 1316 498 1351 ad
527 1320 751 1362 certamque
781 1316 1145 1362 interpretationem
1176 1316 1341 1362 exactis,
1382 1315 1609 1353 Ruhnkenii
1639 1326 1738 1351 sen—

319 1372 442 1408 tentia
477 1373 639 1408 Lenaea
669 1371 805 1408 eadem
846 1383 936 1408 esse
956 1382 1056 1418 quae
1073 1373 1345 1416 Anthesteria‚
1376 1371 1613 1417 probabilior
1642 1370 1738 1408 mihi

318 1428 410 1465 visa
440 1431 515 1473 est,
547 1438 660 1474 quam
691 1427 851 1465 Oderici
881 1429 1120 1474 aliorumque
1150 1428 1280 1475 opinio
1296 1429 1461 1465 Lenaea
1482 1428 1617 1464 eadem
1648 1437 1739 1464 esse

319 1494 419 1530 quae
461 1484 638 1521 Rustica.
717 1484 837 1532 Dico,
870 1485 1169 1531 probabiliorem
1212 1495 1297 1520 eam
1335 1483 1432 1520 mihi
1463 1484 1587 1520 visam
1634 1493 1737 1521 esse.

318 1541 418 1577 Nam
459 1544 597 1587 postea
639 1551 759 1587 saepe
798 1540 998 1587 intellexi,
1046 1551 1188 1576 vanum
1236 1550 1326 1576 esse
1373 1550 1507 1576 eorum
1553 1539 1738 1587 studium,

319 1596 384 1642 qui
422 1596 462 1632 in
505 1597 678 1633 Historia
718 1600 757 1633 et
796 1597 1043 1642 Antiquitate
1086 1601 1236 1632 certum
1268 1595 1359 1642 quid
1405 1595 1661 1642 pronunciant
1691 1596 1740 1631 de

318 1653 438 1688 rebus
477 1655 809 1689 monumentorum
850 1653 911 1688 vel
942 1652 1105 1698 penuria
1144 1652 1324 1688 obscuris
1354 1652 1417 1689 vel
1447 1652 1631 1688 dissensu
1660 1651 1740 1688 im-

319 1708 485 1754 peditis:
517 1708 582 1745 ubi
613 1719 731 1745 unum
762 1712 823 1745 est
852 1708 991 1745 Critici
1014 1719 1154 1744 munus
1184 1708 1361 1745 iudicare
1391 1718 1503 1754 quae,
1536 1719 1587 1745 ex
1616 1706 1740 1755 pluri-

318 1764 392 1800 bus
423 1763 553 1799 dubiis
584 1763 845 1809 opinionibus,
870 1765 998 1800 minus
1029 1775 1142 1809 quam
1173 1765 1348 1810 reliquae
1376 1765 1431 1800 sit
1458 1764 1590 1801 dubia.
1643 1765 1738 1801 Cae-

320 1822 444 1856 terum
484 1819 747 1856 Rnhnkenius
787 1819 925 1866 paucis
971 1823 1061 1855 ante
1100 1819 1246 1856 obitum
1297 1820 1497 1856 mensibus
1538 1830 1615 1857 non
1653 1819 1741 1856 sine

320 1876 524 1921 voluptate
553 1875 753 1923 cognovit,
791 1874 1025 1911 sententiam
1063 1885 1173 1911 suam
1204 1885 1326 1921 nuper
1356 1877 1617 1912 confirmatam
1648 1885 1740 1911 esse

319 1942 424 1967 nova
454 1931 687 1967 auctoritate
723 1931 998 1977 Inscriptionis
1038 1934 1129 1966 ante
1159 1931 1332 1978 ignotae,
1361 1932 1525 1977 primum
1556 1931 1685 1967 editae
1716 1942 1740 1967 a

320 1986 604 2035 Barthelemio,
647 1987 714 2022 illo
746 1986 1035 2023 Anacharsidis
1066 1986 1282 2034 scriptore,
1313 1988 1508 2035 egregiae
1537 1997 1633 2023 sene
1662 1987 1738 2024 do-

319 2043 482 2089 ctrinae,
515 2043 579 2088 qui
613 2052 687 2078 non
729 2044 848 2079 multo
879 2046 965 2089 post
995 2042 1123 2088 ipsum
1155 2043 1328 2078 eamdem
1358 2046 1611 2089 proposuerat
1640 2053 1739 2079 sen-

321 2099 480 2135 tentiam
509 2097 546 2133 in
572 2097 777 2134 Memoriis
802 2098 1042 2135 Academiae
1067 2099 1382 2146 Inscriptionum,
1405 2100 1524 2135 'romu
1542 2099 1738 2136 XXXIX.

434 2153 596 2190 Accidit
636 2154 672 2189 ei
709 2165 799 2190 mox
837 2164 962 2190 novae
1001 2154 1177 2189 suavitas
1209 2155 1372 2191 notitiae
1400 2165 1485 2191 cum
1515 2154 1740 2192 Christiano

321 2209 522 2246 Friderico
562 2209 770 2257 Matthaei,
802 2209 887 2246 viro
917 2210 956 2246 in
996 2209 1057 2245 his
1098 2210 1245 2246 Literis
1284 2209 1532 2246 excellenter
1567 2213 1740 2262 versato,

321 2265 618 2314 Gymnasiorum
650 2265 932 2303 Universitatis
963 2264 1208 2302 Moscuensis
1234 2267 1426 2302 Rectore:
1456 2266 1522 2311 qui
1553 2265 1740 2302 Ruhnke-

322 2321 387 2357 nio
417 2321 578 2368 ignotus
609 2321 707 2357 duos
738 2332 759 2356 a
791 2332 835 2358 se
865 2324 1041 2368 repertos
1071 2321 1177 2357 misit
1208 2323 1381 2367 Hymnos
1412 2321 1658 2359 Homericos:
1689 2321 1738 2358 de

322 2376 465 2422 quibus
495 2379 634 2422 postea
664 2377 853 2415 dicemus,
925 2380 977 2414 Et
1018 2388 1110 2413 vero
1140 2377 1335 2414 Matthaei
1363 2377 1559 2414 industria
1589 2380 1629 2413 et
1658 2378 1738 2413 hu-

322 2432 489 2469 manitas
520 2432 559 2468 in
593 2433 840 2469 excutiendis
872 2437 910 2469 et
943 2434 1155 2479 prodendis
1185 2433 1480 2470 Moscuensium
1510 2432 1736 2470 Bibliothe-

323 2482 456 2524 caru'in
485 2488 645 2534 scriptis
675 2488 892 2536 codicibus,
931 2489 1095 2538 egregie
1126 2489 1262 2531 merita
1301 2493 1362 2526 est
1391 2494 1433 2526 ut
1454 2489 1502 2526 de
1531 2489 1738 2527 multorum

321 2641 346 2677 ⁸)
371 2642 497 2672 Horat.
525 2643 598 2673 Sat.
626 2643 653 2681 l,
676 2644 709 2682 9,
733 2645 765 2674 9.
792 2644 831 2674 in
855 2652 986 2675 aurem
1013 2644 1150 2676 Dicere
1174 2646 1290 2676 nescio
1315 2645 1400 2686 quid
1424 2653 1552 2684 puero.
1584 2645 1674 2676 Piin.
1694 2645 1735 2674 N.

366 2686 409 2716 H.
434 2685 513 2721 VH,
537 2687 594 2723 53,
623 2687 699 2718 183.
726 2689 847 2728 Eurip.
883 2689 1050 2721 Androm.
1078 2690 1176 2723 1090.
1221 2686 1470 2728 Ἀγαμέμνονος
1494 2688 1529 2720 δὲ
1553 2691 1636 2726 παῖς
1660 2688 1737 2719 δια-

365 2729 504 2768 στεὶχων
527 2728 631 2761 πόλιν
655 2730 714 2767 Εἰς
739 2724 797 2768 οὖς
821 2732 950 2774 ἑκάστῳ
975 2733 1146 2770 δυσμενεῖς
1170 2732 1260 2774 ηὔδα
1281 2731 1414 2773 λόγους.
1442 2733 1498 2768 Cf.
1518 2733 1634 2767 orest.
1653 2732 1733 2765 616.

368 2775 474 2815 soph.
501 2776 602 2806 Aiac.
632 2775 705 2807 148.
733 2786 783 2816 sq.
831 2777 904 2809 FB.
