1816 3233
852 212 897 220 --
961 189 1156 231 1⁸76——

289 261 372 298 Pag.
380 263 429 292 ed.
439 262 535 297 princ.

427 307 553 336 tuatur.
601 302 835 342 Quamobrem
860 304 1139 343 wyttenbachio
1164 303 1353 334 eoecuztum
1376 302 1492 342 potius
1517 301 1575 333 vel
1599 308 1710 333 ewer-

424 351 575 381 citatum
600 349 739 380 videtur
763 349 947 380 dicendum
979 350 1105 379 fuisse.
1156 348 1211 379 Cf.
1231 348 1357 378 Krebs.
1377 348 1498 378 Antii).
1524 355 1606 387 pag.
1629 345 1707 376 746.

425 395 507 425 coil.
531 393 608 424 747.
633 401 734 433 quem
759 395 890 425 nollem
917 395 1198 434 praetermisisse
1222 394 1310 424 haec
1331 393 1446 424 verba.
1464 393 1559 423 Livii
1584 391 1708 432 (XLII,

424 438 514 476 52.):
554 448 579 469 a
614 440 741 478 pueris
775 440 910 472 eruditi
946 439 1092 471 artibus
1126 439 1301 480 militiae,
1337 438 1392 469 tot
1423 436 1564 469 subacti
1599 437 1708 476 atque

424 483 552 514 durati
576 483 689 515 bellis.

292 528 403 560 4e.vs.
419 527 450 558 1.
474 528 861 560 animadversionibus.
908 528 962 560 Cf.
988 530 1032 560 ad
1055 536 1136 568 pag.
1154 529 1210 567 38,
1234 527 1289 559 22.

292 599 330 606 -
354 600 391 606 -
410 584 442 614 3.
474 584 726 616 eruditissimis
749 585 850 616 adeo.
898 585 1008 616 Immo
1046 584 1303 616 eruditissimis
1341 584 1461 615 etiam.
1510 581 1564 612 De
1588 580 1708 612 adhuc
1766 578 1771 583 '

425 637 480 659 vs.
498 627 554 659 11.
581 630 627 661 cs.
652 630 692 661 ad
720 637 796 670 pag.
807 629 863 670 27,
887 631 919 661 Β.

293 701 330 708 -
353 700 391 706 -
411 682 464 714 13.
498 684 768 726 infrequenter,
794 686 817 715 i.
842 693 873 715 e.
898 694 1008 727 raroj
1034 687 1130 717 nulia
1155 694 1302 725 prorsus
1327 684 1542 716 auctoritate
1572 682 1709 713 veteris

423 732 608 769 scriptoris
633 732 766 760 nititur.
800 731 865 761 Hic
889 731 1024 770 quidem
1049 740 1183 771 parum
1206 731 1440 772 frequenter,
1466 736 1601 769 parum
1628 728 1708 758 stu-

423 776 544 817 diose,
578 776 684 806 scribi
722 775 860 806 licebat.
923 775 977 805 De
1003 785 1064 806 vv.
1096 784 1183 816 quae
1218 775 1433 806 antecedunt
1472 774 1507 804 et
1537 773 1625 814 ipsis
1663 771 1708 803 cf.

423 820 563 858 Zumpt.
589 821 622 858 S.
638 820 714 850 698.
762 820 941 860 Krucger.
968 821 1002 859 S.
1017 820 1095 851 417.
1121 822 1201 852 adn.
1225 821 1258 851 4.

289 882 333 888 —-
353 880 382 887 —
406 864 461 895 21.
490 866 743 905 eoeplicitoque.
770 864 956 896 Ciceronis
974 869 1052 897 erat
1076 867 1327 907 explicatoque
1333 875 1345 905 3
1369 865 1407 895 it.
1428 863 1628 904 explicavit
1643 869 1708 902 pro

424 911 564 950 vulgari
589 910 771 950 explicuit
794 919 872 950 pag.
890 909 978 952 142,
1004 911 1035 941 1.

289 954 440 987 49.—1.
465 956 709 996 editionisque.
765 955 817 986 De
847 956 879 986 11.
904 965 939 986 v.
966 957 1057 987 scite
1082 958 1118 987 et
1142 955 1337 996 prudenter
1360 954 1550 995 disputavit
1578 952 1707 984 Krebs.

425 1002 460 1031 in
488 1000 606 1030 Antii).
632 1008 712 1040 pag.
734 1000 815 1031 313.

294 1063 330 1069 -
352 1061 390 1067 —
411 1045 448 1074 6.
470 1045 520 1076 ad
540 1043 649 1084 finem
675 1062 716 1067 —-
741 1046 889 1076 saeculi.
945 1046 1050 1076 Finis
1080 1045 1204 1075 vocab.
1238 1043 1294 1084 (de
1319 1052 1386 1084 quo
1413 1043 1482 1074 vid.
1505 1043 1632 1074 Krebs.
1650 1043 1709 1073 1.1.

423 1098 502 1130 pag.
520 1088 616 1127 359.)
641 1091 670 1119 si
695 1090 831 1129 quidem
850 1091 880 1120 11.
898 1091 922 1121 l.
942 1091 1047 1121 vitari
1073 1090 1277 1130 oportebat,
1303 1088 1352 1120 ml
1377 1089 1515 1120 emitum
1536 1088 1605 1119 dici
1626 1096 1710 1127 pro-

424 1135 520 1166 fecto
545 1134 683 1166 licebat.

289 1179 344 1212 50.
359 1196 395 1203 -
409 1179 438 1212 1.
464 1179 662 1211 Auctoritm
686 1181 935 1212 classicorum.
983 1180 1059 1211 Vid.
1079 1180 1157 1212 adn.
1176 1189 1220 1210 m.
1242 1179 1284 1211 ad
1305 1179 1528 1218 Quinctiiian.
1543 1178 1587 1213 X,
1603 1176 1638 1216 1,
1654 1176 1709 1208 43.

425 1226 468 1257 ad
486 1226 613 1256 Mutet.
638 1225 718 1256 Vol.
737 1226 778 1256 11.
803 1235 882 1266 pag.
899 1227 955 1257 53.
975 1230 1010 1257 et
1026 1227 1153 1257 Krebs.
1169 1226 1286 1256 Antii).
1306 1233 1384 1265 pag.
1401 1224 1479 1255 182.
1497 1232 1548 1264 sq.
1564 1222 1643 1254 217.
1656 1231 1709 1262 sq.

294 1298 330 1305 -—
355 1298 391 1304 -
418 1280 471 1314 14.
502 1280 629 1312 abusu.
682 1281 790 1313 Immo
826 1282 923 1314 malo
959 1290 1201 1323 perversoque
1236 1290 1316 1312 usu.
1378 1279 1432 1311 Cf.
1471 1278 1600 1310 Krebs.
1633 1278 1709 1310 1.1.

425 1335 503 1367 pag.
529 1325 607 1357 111.

291 1388 337 1396 --
358 1389 403 1396 —-
420 1371 474 1403 16.
501 1371 623 1403 Adhuc
647 1371 873 1403 scribebatur
896 1369 1136 1416 τεχυόγραφοι.

292 1417 445 1450 51.—-3.
470 1417 613 1448 scholiis
642 1432 687 1439 -—-
719 1417 931 1456 Byzantina
974 1426 1061 1448 aevo
1106 1416 1312 1456 compilatis
1358 1423 1404 1446 em
1439 1414 1710 1446 commentariis

430 1462 765 1494 Grammaticorum
790 1472 887 1494 nunc
909 1463 1073 1503 perditis.
1125 1461 1215 1491 Nihil
1249 1462 1280 1491 11.
1307 1460 1328 1491 Ι.
1355 1466 1464 1499 neque
1495 1459 1537 1489 de
1567 1460 1711 1490 scholiis

429 1508 561 1545 dicam,
601 1507 644 1539 de
685 1508 806 1546 quibus
841 1511 928 1538 satis
966 1508 1077 1538 habeo
1113 1513 1331 1546 provocasse
1362 1504 1403 1536 ad
1428 1504 1616 1535 Krebsium
1646 1504 1712 1535 1.1.

430 1561 509 1593 pag.
523 1552 620 1591 707„
639 1560 752 1592 neque
767 1553 810 1583 de
825 1562 913 1584 aevo
932 1552 1166 1592 Byzantium·
1185 1552 1246 1582 sed
1268 1550 1356 1591 quod
1368 1550 1714 1589 Wytteni›.sc.ripsit

425 1599 487 1629 ilia
504 1598 638 1628 scholia
665 1606 712 1628 em
736 1599 1005 1629 commentariis
1029 1598 1343 1636 grammaticorum
1368 1595 1566 1636 compilata
1591 1596 1714 1633 fuisse,

428 1643 460 1674 id
488 1644 591 1683 plane
616 1651 821 1682 perversum
846 1645 912 1673 est.
972 1643 1091 1682 Neque
1122 1644 1215 1673 enim
1252 1643 1433 1681 quisquam
1460 1644 1620 1672 veterum
1645 1649 1713 1671 un-

427 1697 531 1729 quam
570 1687 656 1719 dixit
688 1687 816 1719 librum
851 1696 896 1719 ea:
932 1688 1024 1719 libro
1057 1689 1208 1719 alterius
1249 1687 1486 1726 compilatum
1520 1694 1615 1717 esse:
1657 1687 1713 1725 qui

429 1742 496 1773 qua
530 1735 667 1764 ratione
703 1733 925 1773 compilamli
963 1733 1111 1764 verbum
1149 1734 1420 1771 usurpaverint,
1459 1734 1547 1762 satis
1583 1733 1713 1763 docent

427 1779 581 1817 Lexica3
613 1783 648 1809 et
669 1778 739 1808 vid.
759 1779 887 1809 Krebs.
905 1778 927 1808 1.
945 1778 966 1808 l.
1001 1787 1078 1818 pag.
1096 1778 1173 1809 231.
1222 1778 1432 1815 Praeterea,
1459 1778 1598 1807 etiamsi
1615 1777 1711 1808 forte

428 1824 638 1863 probaveris
667 1823 841 1863 perditis,
871 1831 939 1863 ego
971 1827 1086 1853 tamen
1121 1823 1211 1853 haud
1243 1826 1452 1852 cunctanter
1484 1823 1710 1861 scripsissem

428 1869 639 1908 deperditis.
678 1868 731 1899 Cf.
757 1868 799 1898 ad
817 1875 895 1908 pag.
915 1867 992 1907 125,
1009 1868 1063 1898 20.
1092 1869 1190 1905 Quae
1207 1875 1312 1905 quum
1338 1868 1389 1896 ita
1406 1869 1494 1903 sint,
1518 1868 1571 1897 sic
1595 1868 1710 1905 potius

431 1913 551 1944 dicere
575 1914 726 1944 debebat
741 1913 951 1951 VVyttenb.2
976 1913 1119 1944 scholiis
1136 1930 1176 1935 —
1202 1912 1467 1951 Byzantiorum
1490 1913 1713 1951 ‚cli-ammau-

428 1967 554 1990 corum
590 1959 714 1989 aetate
743 1957 875 1997 furtim
912 1959 1090 1998 corzyestis
1125 1955 1327 1997 (collectis)
1366 1964 1411 1986 ew
1445 1958 1713 1987 commentariis

427 2005 754 2045 yrammaticorum
779 2011 865 2043 quos
890 2003 1185 2043 compilaverunt
1208 2010 1305 2032 nunc
1330 2000 1478 2039 (hodie)
1502 2001 1713 2041 deperditis.

293 2076 339 2083 --
364 2060 449 2090 -5.
474 2060 624 2090 maioris
645 2059 758 2099 pretii
780 2059 1041 2090 aestimandus.
1081 2059 1260 2097 Nunquam
1285 2057 1342 2087 vel
1362 2058 1544 2088 rarissime
1567 2061 1713 2090 veteres

429 2105 596 2135 dixerunt
620 2105 768 2135 maioris
795 2104 944 2143 (multi)
962 2105 1175 2144 aestimare,
1199 2103 1262 2134 sed
1277 2102 1401 2142 pluris
1417 2102 1587 2142 (magnii)
1603 2105 1711 2145 aest-5

430 2149 607 2188 iidemque
638 2150 747 2189 pretii
774 2149 898 2179 vocab.
926 2150 1139 2183 omiserunt,
1182 2150 1247 2178 nisi
1280 2150 1310 2177 si
1336 2148 1428 2178 sorte
1456 2147 1553 2178 verb.
1579 2156 1653 2179 esse
1677 2150 1712 2179 iu

429 2196 494 2226 hac
517 2194 669 2226 formula
689 2198 897 2234 poneretur,
924 2194 1069 2224 velutin
1088 2194 1140 2223 his
1159 2193 1345 2224 Ciceronis
1362 2191 1420 2232 (ad
1440 2192 1534 2229 Q.fr.
1551 2192 1578 2229 1,
1593 2193 1625 2233 2,
1643 2192 1711 2233 4.):

428 2240 540 2281 parvi
572 2240 682 2280 prelii
716 2241 786 2280 est,
822 2239 883 2280 qui
919 2240 992 2269 iam
1032 2237 1139 2269 nihili
1172 2240 1239 2269 sit.-
1277 2239 1438 2276 quoniam
1478 2239 1625 2277 genitivi
1660 2238 1712 2268 ini

433 2286 602 2326 (mnynz',
626 2285 840 2325 permuym',
864 2284 1003 2325 pluris,
1028 2284 1201 2324 maoeimi,
1225 2283 1374 2323 plurimi
1400 2282 1492 2320 ete.)
1518 2283 1713 2313 substanti—

430 2338 556 2360 vorum
581 2330 661 2360 ioco
686 2329 920 2368 liabebantur3
945 2329 1096 2368 ideoque
1121 2330 1225 2358 etiam
1250 2328 1393 2358 minime
1415 2334 1537 2357 verum
1564 2327 1713 2359 iudicari

431 2377 565 2413 potest,
600 2376 632 2404 si
657 2376 735 2414 quis
759 2374 800 2405 ad
828 2381 891 2405 eos
921 2374 1032 2414 pretii
1056 2381 1134 2415 voc.
1165 2372 1394 2412 suppienduui
1427 2370 1533 2402 dicat.
1589 2371 1712 2412 Itaque

429 2420 462 2451 11.
489 2420 509 2450 Ι.
535 2420 656 2461 pluris
679 2419 929 2451 aestimandus
951 2419 1064 2449 scribi
1086 2426 1237 2449 necesse
1262 2419 1351 2448 erat.

302 2482 337 2489 —-
357 2480 396 2489 --
416 2464 470 2497 19.
502 2473 598 2496 mere
627 2465 879 2506 yrammalico.
938 2464 1035 2495 Haud
1073 2465 1150 2495 scio
1182 2472 1225 2494 au
1258 2464 1417 2502 praestet
1445 2462 1555 2502 plane
1583 2470 1712 2503 yram-

431 2511 576 2542 matico.

297 2556 407 2588 52—
422 2555 475 2587 10.
505 2555 797 2596 interpolatoris.
847 2554 900 2586 Cf.
925 2562 1033 2593 supra
1057 2555 1099 2585 ad
1124 2552 1270 2594 pag.40‚
1295 2552 1348 2582 le.

309 2618 346 2624 —
369 2600 472 2632 —11.
497 2602 640 2642 ylossis.
689 2601 765 2631 Vid.
793 2600 922 2631 Krebs.
949 2600 1130 2630 Antibarb.
1158 2606 1234 2637 pag.
1253 2597 1335 2627 374.

309 2662 346 2668 —
369 2647 475 2677 —23.
500 2647 728 2687 eoecerpendi.
776 2644 830 2676 Cf.
856 2645 987 2676 Krebs.
1012 2645 1033 2675 1.
1060 2645 1082 2675 1.
1110 2652 1186 2684 pag.
1207 2644 1285 2674 335.

298 2701 472 2733 53.—10.
501 2703 711 2734 Glossariis.
757 2703 810 2733 De
834 2702 867 2732 h.
890 2710 925 2733 v.
951 2701 1021 2731 vid.
1047 2700 1176 2732 Krebs.
1191 2699 1247 2730 1.1.
1272 2698 1439 2739 pagam.
1487 2699 1538 2730 De
1564 2707 1616 2740 sq.
1642 2699 1712 2731 rite

299 2790 399 2826 51.-
411 2749 480 2828 lgr
491 2748 711 2837 3317ῗίεὲὸῆ
731 2793 774 2826 ad
790 2792 933 2834 pag.35,
948 2792 978 2824 1.
1005 2791 1060 2824 De
1079 2799 1136 2822 vv.
1152 2789 1215 2822 sub
1233 2798 1342 2822 manu
1359 2790 1428 2821 vid.
1445 2789 1488 2822 ad
1508 2796 1588 2830 pag.
1604 2789 1663 2831 38,
1682 2788 1714 2821 1.
