1816 3233
623 237 930 279 -181—

66 305 150 344 Pag.
159 306 206 334 ed.
216 305 315 340 princ.

66 347 245 380 68.vs.13.
270 348 451 382 Herculeo
474 367 518 373 —
541 351 681 384 robore.
710 352 734 382 i.
759 359 790 383 e.
817 351 970 383 maximo
994 351 1138 383 robore.
1184 349 1358 383 Similiter
1380 349 1487 382 Iusti-

201 401 268 424 nus
292 395 327 425 in
352 396 463 435 praef.
488 397 521 435 S.
547 396 580 427 2.
604 396 819 428 Herculeam
844 397 1040 428 audaciam
1065 397 1165 429 dixit.

71 453 107 460 —-
127 453 164 460 —
182 436 240 471 15.
264 440 394 480 viyinta·
417 443 524 472 annis
544 443 680 481 postea.
729 441 781 473 Cf.
808 442 888 473 adu.
916 441 960 472 ad
986 449 1064 482 pag.
1092 441 1146 482 14,
1171 440 1225 471 16.

65 482 163 514 69.-
178 483 212 514 5.
237 484 483 525 confabulari.
533 485 586 517 Cf.
613 487 655 517 ad
680 494 759 526 pag.
784 487 841 524 30,
865 485 921 516 17.

69 543 104 550 —
125 543 162 549 —-
179 526 213 558 7.
239 527 396 571 Nullus,
420 529 557 572 aiebat,
591 532 628 561 in
653 532 726 562 toto
752 533 939 562 terrarum
964 530 1058 562 orbe.
1107 531 1166 561 Sic
1190 532 1342 570 positum
1366 529 1487 562 aiebat

199 581 270 604 non
305 577 422 613 potest
451 576 606 614 probari.
654 576 844 606 Dicendum
870 577 989 617 inquit
1018 575 1074 606 vel
1099 577 1206 606 etiam
1232 577 1313 617 ait,
1346 575 1390 606 de
1415 583 1484 615 quo

201 619 302 658 paulo
327 627 426 659 quam
460 621 577 660 inquit
606 620 758 652 fortiore
789 620 1042 661 (beleauptete,
1074 621 1291 652 ‘versicherle
1315 619 1378 659 er)
1414 621 1482 651 vid.

198 663 278 693 adn.
306 672 348 694 m.
375 664 417 694 ad
443 664 573 695 Mutet.
600 664 681 695 Vol.
707 665 749 696 ΙΙ.
776 674 856 706 pag.
881 666 941 696 29.
967 666 1012 696 ci'.
1039 664 1114 696 Cic.
1139 666 1182 696 ad
1207 666 1332 696 Famil.
1356 664 1401 704 ll,
1428 664 1480 695 10.

195 707 230 738 2.
276 708 407 745 Quodsi
433 709 464 739 Ιι.
490 709 513 739 l.
539 710 746 748 imperfecto
772 711 893 742 aiebat
923 713 1022 741 unice
1053 710 1217 749 placebat
1242 712 1308 749 uti,
1345 709 1483 750 singula

194 753 248 783 sic
270 756 372 785 erant
396 755 657 793 componenda:
687 754 840 787 Nullum
865 755 984 786 aiebat
1012 756 1050 786 in
1075 755 1151 785 toto
1182 756 1371 786 terrarum
1396 754 1483 786 orbe

196 797 316 828 locum
341 807 438 840 esse,
475 800 534 839 qui
563 800 646 830 item
677 801 719 830 ut
745 800 887 831 Lutetia
912 809 994 832 eum
1018 799 1222 831 abundaret
1246 816 1287 823 —
1312 801 1388 831 tum
1411 799 1482 830 ad-

193 841 328 882 flueret
355 860 392 865 —
416 845 673 875 instrumento.
713 844 768 875 Ne
791 845 933 885 dicum,
960 846 1092 886 inquit.
1118 844 1161 875 (Ie
1184 844 1388 883 maenium-s
1413 848 1481 875 etc.

197 887 248 969 [gie
273 895 332 917 vv.
357 889 393 918 in
417 904 461 910 —-
486 889 560 920 toto
584 889 668 920 orbe
692 889 759 920 vid.
786 890 923 929 Zumpt.
950 889 1012 921 Gr.
1038 891 1113 920 Lat.
1141 890 1173 928 S.
1189 888 1269 920 482.
1303 889 1482 930 Krueger.

223 953 232 961 .
257 932 335 964 373.
362 932 442 963 adu.
470 932 502 963 1.

65 991 104 998 -
124 988 160 997 -
179 973 235 1007 14.
261 976 491 1008 deliniendos.
541 977 652 1008 scrib.
685 978 927 1010 deleniendos.
975 978 1058 1009 Mox
1082 986 1132 1008 vs
1160 978 1216 1008 16.
1241 976 1283 1008 ad
1311 978 1482 1015 mitigan-

195 1022 273 1052 dum
299 1022 566 1053 insolentiorem
598 1031 695 1054 usum
723 1024 820 1054 verbi
847 1024 1003 1055 titillare
1034 1023 1141 1063 (quod
1166 1024 1309 1063 Epicuri
1335 1024 1479 1054 verbum

198 1074 280 1097 esse
305 1068 357 1098 ait
382 1067 521 1106 Cicero,
546 1065 774 1107 ναγγα).ἰ’ζειν,
800 1065 1028 1110 γαργαλίζειν)
1054 1069 1185 1099 addere
1209 1068 1398 1107 VVyitenb.
1416 1069 1481 1098 de-

199 1111 304 1143 bebat
326 1113 447 1153 quasi,
473 1113 566 1144 sicut
589 1113 663 1153 qic.
689 1113 732 1143 de
759 1113 825 1144 Off.
852 1112 896 1150 ΙΙ,
923 1113 975 1149 18,
1000 1113 1056 1143 63.
1084 1118 1174 1145 extr.
1201 1114 1244 1143 de
1269 1113 1345 1143 Fin.
1370 1112 1398 1151 1,
1423 1112 1481 1153 11,

195 1157 251 1188 39.
287 1155 359 1196 (ubi
389 1160 578 1197 praeterea
611 1158 777 1189 adiicitur
810 1159 848 1189 ut
879 1159 931 1189 ita
964 1158 1096 1198 dicum)
1136 1158 1179 1188 de
1203 1158 1283 1189 Nat.
1307 1158 1418 1189 Deor.
1450 1158 1481 1198 l,

194 1200 253 1240 40,
280 1200 357 1232 113.
406 1202 484 1235 Cat.
510 1204 592 1233 mai.
622 1203 680 1241 1⁴,
705 1203 736 1233 4.
788 1203 892 1234 Tusc.
918 1202 977 1240 111,
1002 1202 1060 1242 20,
1084 1202 1140 1233 47.
1168 1211 1219 1241 pr.

61 1243 162 1277 ¹70.—
182 1245 216 1277 1.
242 1247 273 1277 si
298 1247 452 1287 quidem.
499 1248 581 1278 Mibi
607 1248 778 1288 siquidem
814 1249 931 1286 potius
958 1247 1180 1278 scribendum
1204 1246 1363 1287 videtur,
1399 1248 1481 1286 qnia

197 1292 251 1322 hic
277 1292 410 1330 quidem
442 1292 556 1323 nullus
580 1292 798 1323 dubitationi
830 1292 926 1323 locus
959 1297 1025 1324 est.
1074 1293 1212 1323 Etenim
1237 1293 1340 1323 valde
1366 1292 1480 1331 probo

196 1337 285 1375 quod
310 1338 433 1368 statuit
457 1337 595 1376 Zumpt.
621 1336 683 1368 Gr.
703 1338 742 1368 L.
770 1337 802 1375 S.
820 1336 897 1368 346,
947 1338 1059 1368 Recte
1085 1339 1181 1369 infra
1202 1337 1259 1380 73,
1284 1338 1316 1368 9.
1343 1339 1374 1368 si
1395 1337 1481 1377 qui-

195 1381 273 1413 dem
297 1382 414 1413 veltet.

63 1440 100 1448 —
121 1426 207 1457 -5.
232 1426 528 1459 Numismaticae.
577 1426 768 1459 Numerum
804 1426 999 1457 doctrinam
1032 1427 1120 1458 dixit
1150 1426 1351 1459 Eckbelius.
1406 1425 1478 1458 Ce-

198 1474 310 1503 terum
336 1472 368 1503 b.
394 1472 416 1503 l.
442 1471 586 1513 opificia
612 1473 698 1503 dixit
721 1473 912 1511 wyttenb.
948 1473 1029 1511 quia
1055 1472 1143 1511 quod
1174 1473 1276 1502 modo
1310 1474 1481 1511 posuerat

195 1525 330 1559 opera,
355 1520 425 1549 tam
451 1525 560 1557 parvo
587 1518 776 1548 intervallo
802 1518 913 1548 noluit
938 1521 1118 1556 repetere.
1156 1518 1371 1556 Quamquam
1397 1517 1480 1548 mihi

187 1563 335 1602 vquidem
368 1564 481 1602 magis
515 1562 695 1602 placeret,
728 1565 758 1593 si
793 1571 855 1602 pro
882 1561 1034 1603 opifici-'s
1064 1563 1154 1593 idem
1188 1563 1271 1593 illud
1298 1564 1480 1593 iterasset.

195 1607 247 1638 De
271 1616 329 1638 vv.
356 1609 526 1639 materies
557 1611 591 1639 et
615 1609 772 1640 materia
805 1608 900 1647 (pag.
928 1609 984 1646 69,
1009 1605 1056 1647 9.)
1090 1608 1134 1638 cf.
1168 1607 1249 1639 adn.
1282 1608 1324 1639 ad
1348 1608 1478 1639 Muret-

194 1652 275 1683 Vol.
301 1653 328 1683 1.
355 1660 433 1693 pag.
458 1652 535 1683 270.

58 1696 159 1729 ¹71.-
177 1698 210 1728 5.
239 1698 387 1728 literato
412 1714 454 1719 —
479 1698 561 1728 otio.
611 1695 684 1728 Cic.
710 1698 814 1728 'rusa
833 1695 876 1735 V,
900 1697 957 1732 36,
984 1696 1062 1727 105.
1087 1697 1174 1737 quid
1197 1698 1251 1728 est
1273 1697 1367 1728 enim
1391 1696 1478 1727 dul-

194 1743 271 1774 cius
295 1743 366 1773 otio
391 1736 567 1773 literato?
593 1742 639 1772 cf.
664 1742 705 1772 ad
732 1750 814 1782 pag.
831 1742 889 1781 7⁴,
914 1742 970 1773 22.
1004 1741 1041 1772 lu
1067 1750 1142 1781 sqq.
1158 1742 1267 1773 iudex
1291 1743 1327 1772 et
1349 1742 1480 1773 emisti-

193 1788 315 1818 maror
347 1787 575 1818 scribendum
609 1791 698 1817 erat.
748 1787 826 1818 Vid.
854 1787 1015 1817 Gronov.
1043 1786 1122 1817 Not.
1159 1788 1192 1816 in
1218 1787 1364 1817 Terent.
1397 1794 1478 1824 pag.

193 1832 248 1862 ed.
275 1839 373 1863 meae
398 1831 452 1863 44.
477 1841 530 1872 sq.
562 1835 596 1863 et
620 1840 709 1872 quae
733 1833 807 1872 ipse
832 1832 1028 1872 adscripsi,
1062 1834 1098 1862 it.
1125 1832 1167 1862 ad
1192 1832 1318 1862 Muret.
1342 1830 1423 1862 Vol.
1450 1830 1476 1862 1.

195 1884 274 1917 pag.
303 1877 376 1908 146.
732 1882 736 1885 “

61 1920 226 1952 κ--20,
256 1922 413 1963 infecit,
452 1922 495 1953 ut
528 1922 759 1953 arbitrentur
789 1937 832 1942 ——
864 1920 1104 1953 subscribant.
1175 1920 1214 1952 ln
1250 1921 1305 1952 his
1341 1928 1478 1961 quoque

197 1969 415 2006 scriptorum
448 1969 659 2005 optimorum
692 1966 985 1997 consuetudinem
1016 1967 1196 2006 spectanti
1219 1967 1332 2006 magis
1357 1968 1478 2005 utique

192 2012 389 2051 imperfecti
416 2012 629 2043 coniunctivi
654 2012 861 2049 placuerint.

57 2056 159 2089 ¹72.-
176 2057 208 2088 3.
233 2065 347 2096 porro
371 2055 525 2096 Hispan.
548 2057 700 2096 peteret.
749 2055 858 2085 lnnno
882 2055 958 2087 tum
983 2056 1043 2086 vel
1068 2057 1142 2087 tum
1167 2063 1252 2087 vero
1277 2054 1381 2096 Hisp.
1405 2055 1476 2095 pet.

194 2109 283 2141 quae
307 2101 502 2141 particulae
528 2101 614 2132 baud
644 2107 725 2132 raro
750 2101 801 2131 sic
824 2100 999 2132 adduntur
1025 2101 1136 2132 verbo
1162 2102 1350 2141 primario,
1376 2100 1475 2131 abla-

194 2147 276 2178 tivis
313 2146 485 2177 absolutis
516 2146 814 2178 antecedentibus.
863 2147 975 2186 Saepe
1009 2146 1203 2185 NVyttenb.
1239 2153 1354 2186 porro
1385 2144 1477 2177 istud

195 2193 230 2221 iu
255 2192 322 2223 boc
345 2191 462 2222 libello
489 2199 670 2230 perperam
699 2192 889 2230 usurpavit.

64 2252 100 2259 -
120 2252 158 2258 -
178 2236 210 2268 7.
236 2237 310 2268 eius
334 2237 372 2267 in
395 2237 569 2268 comitatu
601 2236 636 2268 et
656 2236 813 2277 lentitia.
863 2235 939 2266 Non
972 2234 1101 2266 licebat
1132 2235 1314 2274 familiam
1343 2234 1476 2273 dicere,

195 2289 295 2321 quum
322 2289 385 2312 eos
409 2281 645 2321 intelligeret,
680 2289 766 2321 quos
790 2280 1035 2320 familiarium
1070 2281 1185 2318 potius
1212 2280 1268 2310 vel
1293 2278 1478 2311 clientium

194 2328 336 2357 nomine
360 2326 502 2367 dignari
525 2329 675 2365 poterat.
725 2325 912 2356 Probabile
937 2326 1041 2354 etiam
1066 2325 1148 2355 illud
1175 2326 1271 2355 erat:
1303 2325 1339 2354 in
1364 2325 1477 2355 comi-

194 2372 279 2402 tatu
300 2372 335 2402 et
357 2372 472 2402 domo.
505 2371 576 2402 Cic.
603 2371 644 2402 ad
671 2372 748 2401 Att.
773 2370 831 2407 lV,
859 2369 909 2400 12.
934 2369 1076 2400 Domus
1100 2371 1133 2400 te
1157 2371 1286 2400 nostra
1310 2369 1388 2400 tota
1411 2377 1477 2400 sa-

195 2415 302 2447 lutat.
351 2417 437 2452 Quid
461 2416 611 2456 familia
637 2417 702 2453 sit,
727 2416 816 2445 satis
841 2414 971 2446 docent
994 2415 1138 2445 Lexica.
1187 2415 1256 2446 Pro
1280 2422 1356 2453 seq.
1381 2421 1478 2445 mmc

195 2463 326 2492 rectius
350 2464 427 2492 erat
451 2461 537 2492 iam.
563 2461 608 2492 cs.
633 2461 728 2490 iufra
754 2461 809 2495 95,
835 2462 870 2491 5.

65 2523 100 2528 —
120 2522 157 2528 —
181 2506 233 2537 13.
265 2508 303 2537 in
339 2506 547 2537 oblivionem
580 2506 729 2536 veniret.
779 2504 886 2535 Immo
921 2503 960 2534 in
991 2501 1200 2535 oblivionem
1231 2503 1479 2535 adduceretur

197 2549 290 2591 (Cic.
313 2551 417 2582 Verr.
443 2554 512 2581 act.
539 2549 564 2580 l.
591 2557 666 2589 cap.
694 2547 764 2586 18.)
792 2549 860 2587 vei,
888 2553 924 2579 ut
953 2549 1073 2579 Livius
1099 2550 1142 2586 V,
1166 2549 1221 2578 52.
1246 2550 1352 2586 dixit,
1383 2547 1479 2579 obli-

195 2598 294 2628 vioni
325 2596 492 2627 daretur.
549 2595 634 2625 Nam
669 2594 759 2634 quod
793 2596 934 2632 scripsit
967 2594 1282 2631 wyttenbachius,
1319 2593 1356 2624 id
1387 2593 1478 2633 apud

196 2645 337 2673 veteres
358 2649 442 2679 non,
467 2643 502 2670 ut
527 2644 686 2671 nostrum
711 2642 747 2670 in
779 2638 1044 2679 Verslessenhez't
1066 2638 1229 2670 lsommen
1242 2660 1255 2679 ,
1283 2638 1324 2669 de
1349 2645 1392 2669 eo
1420 2639 1477 2669 di-

197 2688 307 2727 citur,
339 2688 439 2717 cuius
464 2686 666 2716 memoriam
693 2684 871 2723 deponunt
895 2684 1073 2720 hominem
1105 2685 1204 2714 cuius
1226 2685 1294 2714 iam
1320 2691 1390 2714 non
1415 2691 1477 2714 re-

195 2731 409 2770 cordantur,
441 2731 503 2761 sed
530 2732 559 2761 ei
586 2733 700 2769 potius
733 2730 913 2766 tribuitur,
946 2729 1006 2768 qui
1030 2729 1104 2766 ipse
1129 2728 1268 2769 aliquid
1291 2728 1477 2759 oblivisci-

195 2777 258 2807 tur
271 2797 283 2817 ,
316 2783 417 2816 quem
441 2775 498 2806 rei
522 2776 679 2807 alicuius
711 2775 811 2814 capit
834 2773 974 2804 oblivio.
1023 2773 1256 2810 Quamobrem
1282 2773 1474 2814 WVyttenb.

194 2822 225 2852 si
250 2821 320 2852 bac
342 2820 548 2861 loquutione
579 2821 628 2852 uti
661 2820 821 2860 volebat,
859 2819 892 2850 h.
917 2818 940 2850 l.
965 2819 1017 2850 sic
1042 2818 1193 2851 debebat
1215 2818 1393 2851 scribere:
1431 2826 1475 2849 ne
