1833 3237
884 169 1160 209 ...92—

320 280 540 327 superbiam
571 280 784 326 quaesitam
815 282 976 319 meritis.
997 280 1037 330 *J
1096 284 1151 320 At
1182 283 1233 319 nil
1263 284 1470 332 quidquam
1499 284 1722 322 istiusmodi

320 337 359 373 iu
389 338 521 374 horum
552 336 678 372 inerat
707 337 896 385 moribus,
928 340 982 375 nil
1011 340 1233 386 supercilii,
1266 340 1319 376 nil
1349 341 1630 388 simulationis,
1671 342 1725 377 nil

324 394 401 429 nisi
431 403 584 438 verum,
613 394 798 441 simplex,
827 396 1064 441 modestum,
1095 397 1149 432 nil
1181 407 1254 432 non
1283 397 1331 432 ad
1361 398 1514 434 civilem
1546 403 1585 435 et
1613 408 1723 434 com-

324 459 474 484 munem
506 449 778 495 aequalitatem
800 456 995 501 exactum,
1026 463 1137 498 quam
1170 462 1279 489 nemo
1307 453 1477 501 ignorat,
1507 464 1617 491 nemo
1648 465 1723 491 non

323 505 589 552 amplectitur,
629 507 693 552 qui
725 518 774 543 ex
806 509 993 544 Veterum
1024 509 1181 555 scriptis
1213 520 1345 545 verum
1381 510 1598 556 sapientiae
1634 512 1727 546 fru-

322 563 424 596 ctum
456 562 623 607 quaerit.
682 564 790 607 Quae
820 566 1023 611 utriusque
1054 565 1128 601 viri
1164 566 1202 601 in
1235 576 1295 601 me
1326 566 1547 602 exstiterint
1571 564 1727 602 'benefi-

322 616 382 652 cia
413 628 499 654 cum
529 618 749 666 doctrinae,
781 624 859 656 tum
890 621 1098 668 amicitiae,
1128 624 1276 658 referre
1306 623 1462 670 longum
1496 625 1566 659 est.
1610 622 1725 670 Lug-

321 673 416 709 duni
445 685 584 711 annum
619 675 700 721 fui,
741 677 937 713 ventitans
977 678 1016 713 in
1047 688 1177 714 eorum
1218 679 1398 730 scholas,
1437 683 1632 715 caeterum
1661 678 1727 714 in-

318 733 474 766 struens
513 732 722 768 editionem
763 733 884 769 libelli
917 734 1135 770 Plutarchei
1171 736 1229 771 De
1259 737 1355 771 Sera
1393 735 1576 771 Numinis
1621 733 1725 771 Vin-

318 785 446 834 dicta,
485 787 595 824 libris
637 789 802 825 nondum
843 790 958 826 lectis
995 790 1198 839 legendis,
1239 795 1284 834 et
1309 790 1425 827 huius
1466 790 1726 827 bibliothecae

318 842 477 889 scriptis
507 844 711 881 codicibus
743 846 1001 884 conferendis.
1072 848 1225 883 Interea
1255 848 1614 884 Remonstrantium
1643 849 1724 883 So-

319 898 442 935 cietas
473 901 683 947 quaerebat
721 901 787 947 qui
817 902 1099 939 Amstelodami
1126 903 1165 939 in
1204 903 1354 939 illorum
1395 904 1530 940 schola
1558 913 1728 951 magno-

318 965 401 991 rum
439 968 534 993 sane
573 959 782 994 Doctorum
820 959 1038 995 nominibus
1078 959 1245 1004 celebri,
1287 960 1501 996 Literarum
1542 960 1726 996 Philoso-

319 1011 513 1059 phiaeque
553 1014 833 1059 professionem
873 1015 1107 1061 susciperet.
1167 1016 1237 1051 His
1280 1020 1320 1051 ut
1361 1016 1454 1051 mihi
1494 1027 1576 1051 cam
1606 1017 1726 1051 offer-

320 1072 426 1114 rent,
469 1069 640 1115 mihique
681 1073 722 1105 ut
760 1071 925 1106 oblatam
964 1071 1202 1117 acciperem,
1245 1071 1477 1116 persuadent
1518 1071 1728 1107 duumviri.

228 1122 306 1159 154
322 1126 442 1168 Quam
486 1126 708 1162 cathedram
740 1137 855 1172 quum
886 1138 953 1174 per
982 1131 1068 1164 octo
1107 1137 1229 1163 annos
1259 1127 1494 1175 tenuissem,
1543 1128 1582 1163 in
1613 1127 1726 1163 aliam

319 1181 501 1218 traducor
532 1182 805 1228 Philosophiae
834 1183 873 1219 in
903 1184 1051 1220 Illustri
1072 1184 1488 1220 Amstelodamensium
1521 1185 1728 1221 Athenaeo

319 1237 556 1274 instauratae
585 1237 775 1286 (1779.]:
820 1249 981 1286 eamque
1011 1244 1123 1276 sexto
1154 1251 1254 1276 anno
1288 1239 1460 1288 (1785.)
1494 1240 1584 1276 item
1615 1251 1725 1277 com-

318 1296 424 1330 muto
454 1305 540 1330 cum
572 1295 791 1331 Literarum
821 1299 860 1332 et
892 1296 1148 1332 Historiarum
1181 1296 1221 1332 in
1251 1297 1383 1333 eodem
1415 1297 1621 1333 Athenaeo
1652 1307 1726 1332 ca-

320 1350 477 1386 thedra:
497 1354 584 1397 post
602 1351 709 1387 illum
732 1352 880 1388 decimo
904 1356 1055 1399 quarto,
1076 1353 1198 1389 altero
1216 1358 1302 1398 post
1322 1353 1547 1390 Ruhnkenii
1568 1353 1729 1398 obitum,

321 1418 435 1454 anno,
467 1408 540 1443 hoc
569 1408 654 1454 ipso
684 1409 936 1456 nonagesimo
968 1419 1082 1454 nono,
1111 1409 1342 1457 Lugdunum
1367 1410 1491 1458 migro
1519 1419 1728 1445 successor

321 1467 471 1500 mortuo
509 1464 587 1512 illi,
639 1464 703 1500 eui
734 1466 824 1501 vivo
854 1476 977 1511 saepe
1017 1466 1169 1513 collega
1201 1466 1418 1501 destinatus
1463 1466 1730 1511 invitatusque

322 1521 502 1558 fuissem.
562 1522 624 1557 Ac
655 1531 724 1567 per
750 1525 870 1558 totum
897 1522 993 1558 illud
1019 1522 1383 1559 Amstelodamense
1413 1525 1578 1570 tempus,
1610 1531 1726 1568 quum

322 1576 653 1613 Amstelodamum
707 1579 828 1623 primo
866 1579 1092 1624 patriaeque
1139 1579 1224 1614 loco
1261 1579 1354 1614 mihi
1394 1582 1520 1627 esset,
1568 1579 1635 1615 ubi
1674 1576 1729 1614 nil

323 1632 583 1668 desiderarem
615 1643 746 1669 eorum
777 1635 918 1679 quibus
949 1634 1094 1671 literati
1125 1635 1290 1670 hominis
1331 1636 1450 1671 otium
1477 1645 1524 1670 ac
1556 1633 1728 1670 felicitas

322 1693 567 1725 censeretur:
596 1690 844 1739 Lugdunum,
876 1701 951 1726 una
981 1701 1030 1726 ex
1061 1691 1238 1727 omnibus
1259 1691 1419 1737 reliquis
1449 1692 1621 1728 Batavae
1643 1693 1729 1726 ter-

320 1756 388 1781 rae
424 1746 608 1791 urbibus,
657 1748 828 1782 secundo
861 1747 953 1783 mihi
986 1748 1067 1783 loco
1107 1749 1202 1791 suit,
1247 1758 1357 1792 quam
1389 1750 1426 1783 et
1455 1758 1645 1794 amarem,
1687 1749 1730 1782 ut

320 1802 536 1838 studiorum
574 1811 744 1838 meorum
785 1803 981 1845 altricem,
1019 1806 1057 1838 et
1086 1803 1265 1839 lubenter
1294 1804 1525 1850 inviserem,
1566 1807 1608 1839 ut
1636 1813 1725 1838 ma-

320 1858 531 1906 gistrorum
562 1868 746 1905 meorum,
775 1859 1097 1895 amicissimorum
1128 1859 1313 1907 virorum,
1342 1859 1548 1896 stationem
1574 1870 1622 1895 ac
1652 1859 1726 1895 do-

319 1915 519 1951 micilium.

433 1972 658 2019 Caeterum,
699 1981 799 2017 quae
837 1974 928 2006 ante
962 1981 1087 2007 meum
1118 1969 1158 2006 in
1198 1971 1299 2007 hanc
1338 1974 1482 2008 terram
1520 1970 1727 2006 adventum

321 2027 482 2063 fuerunt
512 2027 736 2064 Ruhnkenii
766 2037 851 2072 res,
903 2028 971 2062 has
1012 2038 1098 2063 cum
1130 2038 1179 2063 cx
1211 2027 1360 2074 ipsius,
1419 2031 1499 2063 tum
1530 2037 1579 2063 ex
1623 2026 1727 2062 alio-

321 2094 418 2130 rum,
449 2083 693 2120 sermonibus
714 2086 895 2129 acceptas
917 2088 953 2118 et
977 2084 1161 2119 memoria
1192 2084 1424 2127 custoditas,
1456 2084 1594 2120 retuli:
1627 2093 1725 2129 quae

323 2143 460 2186 postea
490 2144 652 2176 secutae
683 2144 785 2186 sunt,
823 2149 952 2175 earum
984 2140 1069 2185 ipse
1099 2139 1211 2175 testis
1245 2141 1313 2177 fui.
1363 2141 1607 2177 Versabatur
1637 2143 1728 2175 tunc

320 2197 360 2233 in
400 2196 802 2232 animadversionibus
832 2196 878 2230 ad
923 2196 1206 2241 Xenophontea
1245 2197 1419 2233 Socratis
1457 2195 1727 2232 Memorabilia

323 2257 361 2288 et
392 2253 612 2299 Longinum
644 2252 962 2289 conscribendis:
987 2252 1048 2288 his
1079 2252 1232 2298 Toupii,
1264 2250 1342 2288 illis
1370 2251 1529 2289 Ernesti
1558 2252 1597 2287 in
1627 2260 1726 2298 gra-

322 2309 426 2345 tiam.
484 2309 610 2355 Igitur
639 2312 679 2344 et
702 2319 762 2345 me
792 2309 853 2345 sui
885 2319 1027 2344 caussa
1046 2309 1117 2344 hos
1146 2309 1266 2344 libros
1293 2309 1484 2356 relegere,
1514 2308 1607 2343 etsi
1633 2307 1724 2353 quid

324 2376 447 2401 novae
485 2365 767 2401 emendationis
806 2365 1190 2410 interpretationisve
1230 2365 1485 2410 peperissem,
1523 2374 1609 2399 cum
1640 2364 1726 2408 ipso

230 2421 311 2462 155
325 2421 621 2465 communicare,
651 2422 822 2459 iubebat.
880 2421 1001 2458 Feci:
1034 2431 1217 2467 measque
1246 2422 1397 2458 notulas
1425 2421 1481 2457 ita
1509 2420 1544 2457 ei
1574 2419 1729 2466 tradidi,

323 2481 366 2516 ut
404 2487 474 2514 suo
504 2478 590 2523 ipse
620 2477 786 2521 iudicio,
819 2478 922 2514 nulla
953 2478 1026 2514 mei
1067 2479 1172 2513 facta
1201 2477 1418 2525 mentione,
1457 2478 1506 2513 iis
1536 2480 1724 2513 uteretur.

323 2534 400 2573 Sed
414 2534 462 2570 de
482 2535 567 2570 eius
587 2535 627 2570 in
639 2534 859 2582 Longinum
881 2534 1282 2571 animadversionibus
1303 2538 1438 2580 postea
1456 2533 1648 2570 dicemus:
1666 2529 1726 2581 **)

324 2601 428 2628 nune
457 2590 505 2626 de
534 2591 832 2637 Xenophonteis
862 2591 982 2628 verbo
1009 2590 1239 2630 monendum
1271 2591 1438 2628 videtur.

323 2713 351 2749 ')
377 2714 498 2744 Horat.
524 2711 641 2743 Carni.
669 2711 726 2749 ΙΙΙ,
751 2713 805 2744 31),
836 2713 888 2744 14.
937 2715 1009 2746 ΕΒ.

328 2769 366 2807 ··)
391 2768 444 2802 Ci'.
469 2777 547 2810 pag.
576 2768 652 2800 168.
679 2769 733 2800 ed.
760 2777 812 2808 pr.
860 2770 931 2801 ΕΒ.
