1833 3237
607 222 661 233 ....-
745 199 799 240 45
890 224 943 230 -.

76 317 307 356 oblivionem
339 314 509 352 veniret:
555 315 795 352 meminisset
826 315 915 360 quid
944 315 1082 351 (icero
1097 311 1135 362 ¹⁶)
1167 314 1242 350 sibi
1272 312 1357 360 ipse
1388 313 1488 350 sub-

74 375 263 420 iecisset,
304 369 507 409 absentiae
544 373 590 408 ab
635 373 731 407 urbe
772 381 870 406 suae
902 371 1132 421 detximenta
1162 381 1488 407 commemorans:

74 432 225 467 faceret
262 432 303 464 ut
333 429 371 464 in
401 429 524 464 oculis
555 437 711 463 suorum
743 427 887 461 civium
931 426 1142 468 habitaret,
1174 430 1216 461 ut
1248 437 1333 461 eum
1367 435 1490 471 prae-

79 489 227 522 sentem
260 485 389 530 potius
419 484 590 529 quotidie
617 483 817 527 viderent,
864 491 975 526 quam
1018 482 1065 516 de
1096 483 1257 516 absente
1287 482 1488 517 audir.ent

77 552 145 578 eos
184 551 300 576 aures
346 540 587 584 hebetiores,
629 539 763 575 oculos
794 548 906 572 acres
938 540 1053 581 atque
1091 542 1227 572 acutos
1260 533 1488 583 habere.**)

75 599 184 644 Ergo
214 597 415 632 Bataviam
446 596 499 630 ita
531 595 700 640 repetiit,
732 597 773 629 ut
798 603 867 639 per
890 593 1087 638 proximas
1114 594 1248 636 serias,
1281 593 1343 628 vel
1374 593 1490 627 aliam

75 653 292 688 vacationis
323 651 661 697 opportunitatem,
702 650 812 685 brevi
844 649 1037 684 Lutetiam
1069 649 1287 695 rediturus,
1328 651 1367 684 et
1395 648 1491 684 reli·

75 719 186 755 quam
217 708 345 753 operis
376 710 521 753 partem
552 707 818 741 consecturuS.

186 764 398 811 Ignorabat
428 762 556 797 adhuc
586 762 841 797 Ruhnkenius
874 759 961 805 quid
994 759 1088 795 illud
1114 762 1218 795 esset
1240 759 1337 804 quod
1367 761 1491 795 nem-

76 821 296 857 sterhusius
328 819 474 854 vellet:
507 818 581 853 hoe
611 817 733 852 redux
764 817 835 851 iam
869 827 916 851 ex
948 826 992 850 eo
1024 816 1151 854 discit.
1182 817 1220 850 Is
1242 816 1315 850 iam
1348 824 1491 861 magno

75 879 188 922 natu,
229 874 374 909 tardior
413 874 461 907 ad
492 873 650 908 scholas
682 871 905 919 habendas,
944 872 1122 916 cupiebat
1163 871 1236 905 sibi
1269 871 1329 905 vel
1361 870 1556 911 sut’tici73

76 931 140 966 vel
180 929 340 976 adiungi
369 928 642 963 Ruhnkenium
684 928 833 962 nomine
864 927 1062 961 Lectoris:
1105 936 1228 970 eaque
1267 927 1314 960 de
1345 937 1385 961 rc
1417 925 1490 960 iam

77 989 217 1033 egerat
246 995 333 1020 cum
365 984 583 1019 Bentinkiis
615 983 778 1028 aliisque
811 980 1046 1028 principibus
1077 981 1194 1016 viris:
1237 981 1304 1015 sed
1336 982 1491 1016 volebat

75 1042 200 1089 ipsum
231 1041 372 1075 adesse
402 1039 700 1083 Ruhnkenium‚
731 1043 772 1074 ut
803 1049 874 1073 sua
906 1037 990 1082 ipse
1022 1036 1240 1082 praesentia
1272 1041 1310 1071 et
1342 1037 1493 1071 amico-

76 1107 160 1133 rum
191 1106 308 1141 opera
339 1095 484 1140 aliquid
514 1094 693 1131 momenti
730 1094 778 1128 ad
811 1093 1055 1129 efficiendum
1088 1092 1323 1138 propositum
1355 1093 1493 1127 adfer-

76 1155 146 1189 ret.
206 1152 465 1189 Buhnkenius
494 1151 635 1196 minus,
666 1161 777 1194 quam
809 1150 896 1194 quis
929 1153 1049 1195 putet,
1080 1149 1219 1195 cupide
1238 1148 1493 1183 conditionem

76 1207 228 1253 accipit.
287 1207 453 1242 Primum
484 1210 646 1242 noverat
677 1206 973 1241 llemsterhusio
1019 1213 1287 1239 successorem
1329 1206 1367 1238 et
1407 1214 1494 1239 om·-

77 1263 179 1301 nium
209 1261 386 1309 opinione
413 1262 613 1308 destinari,
644 1265 683 1296 et
713 1262 795 1296 suis
826 1261 971 1295 meritis
1002 1260 1147 1306 deberi,
1177 1259 1493 1303 Valckenarium,

78 1320 109 1356 si
141 1319 292 1366 quidem
323 1318 443 1354 vellet
481 1317 716 1364 succedere,
757 1327 922 1362 eumque
961 1316 1008 1350 ad
1050 1326 1131 1350 eam
1171 1315 1409 1351 voluntatem
1446 1325 1494 1350 ac

76 1387 185 1423 spem
216 1376 291 1411 iam
325 1375 414 1410 olim
444 1374 650 1410 adductum
680 1373 807 1408 fuisse
838 1372 1063 1418 quibusdam
1089 1372 1371 1407 Hemsterhusii
1401 1381 1493 1407 ser-

78 1432 269 1468 monibuS.
329 1430 480 1466 Deinde
499 1430 597 1475 quod
617 1428 680 1464 hic
701 1428 772 1474 ipsi
792 1429 995 1473 suadebat,
1026 1431 1068 1463 ut
1089 1429 1236 1463 interea
1253 1429 1389 1463 saltem
1410 1428 1493 1463 Le-

80 1488 198 1523 ctoris
237 1486 377 1522 Graeci
413 1497 573 1521 munere
603 1487 838 1533 fungeretur
869 1485 958 1520 dum
990 1484 1289 1528 Oudendorpius
1329 1484 1494 1527 viveret,

81 1543 193 1588 eique
224 1542 426 1588 aliquando
457 1542 495 1577 in
526 1541 712 1577 cathedra
742 1541 998 1576 Historiarum
1039 1543 1079 1575 et
1108 1540 1364 1584 Eloquentiae
1395 1550 1493 1574 suc-

81 1599 259 1643 cederet3
290 1601 446 1645 gratum
477 1601 757 1642 acceptumque
788 1597 825 1631 ei
857 1599 939 1631 erat
970 1597 1017 1630 de
1048 1595 1303 1630 successione
1334 1596 1374 1630 in
1406 1595 1494 1630 Ou-

79 1655 282 1700 dendorpii
304 1653 501 1698 cathedra,
533 1662 607 1687 non
628 1653 718 1687 item
740 1654 783 1686 ut
804 1653 955 1686 interea
977 1652 1150 1686 Graecas
1179 1651 1340 1685 haberet
1370 1650 1493 1685 scho-

79 1711 141 1746 las
171 1710 219 1745 ad
253 1710 381 1745 brevis
412 1707 595 1754 temporis
635 1718 747 1743 usum
789 1710 828 1742 et
858 1718 946 1742 mox
976 1706 1264 1750 relinquendas,
1323 1705 1494 1749 Accepit

81 1770 208 1802 tamen
240 1764 518 1808 conditionem,
570 1773 655 1798 cum
698 1764 844 1808 pietate
882 1772 978 1808 erga
1008 1761 1370 1805 Hemsterhusium,
1412 1763 1491 1795 tum

80 1824 186 1858 certe
215 1819 470 1866 persuasione
499 1818 744 1865 praecipiens
767 1821 950 1862 quantum
981 1817 1027 1851 ad
1061 1817 1226 1851 honores
1245 1826 1495 1861 consequen-

24 1882 26 1888 “
81 1878 151 1914 dos
189 1877 338 1913 valeret
376 1875 472 1911 illud
509 1876 551 1909 in
582 1874 706 1910 oculis
735 1875 878 1908 civium
907 1873 1112 1924 habitare,
1153 1875 1191 1907 et
1227 1872 1267 1907 in
1307 1874 1497 1909 minorum

81 1933 248 1970 statione
279 1933 465 1967 honorum
496 1930 666 1966 maiores
698 1933 923 1974 expectare.

190 1987 435 2024 Provinciam
466 1985 645 2021 Lectoris
676 1986 912 2019 Graecarum
945 1982 1180 2029 Literarum,
1208 1993 1341 2017 mense
1371 1983 1496 2018 Octo-

80 2040 241 2091 bre***)
269 2052 368 2078 anno
399 2041 517 2077 huius
548 2039 697 2076 saeculi
729 2039 1052 2085 quinquagesimo
1082 2042 1121 2073 et
1151 2039 1328 2084 septimo,
1357 2039 1497 2084 auspi-

82 2103 193 2136 catus
224 2102 285 2134 est
314 2097 476 2133 solemni
507 2096 679 2132 oratione
710 2097 758 2131 de
780 2096 954 2132 Graecia
982 2096 1130 2131 artium
1161 2098 1198 2130 ec
1219 2095 1494 2131 doctrinarum

80 2240 110 2279 ‘)
135 2242 305 2274 Oratione
330 2250 393 2282 pro
417 2243 579 2282 Plancio,
601 2242 657 2274 27.

79 2307 126 2342 ⁸⁸)
150 2310 273 2341 Horat.
300 2310 344 2340 A.
370 2310 408 2340 Ρ.
434 2309 512 2340 180.
536 2318 586 2349 sq.

279 2354 433 2396 Seqnius
457 2354 616 2385 irritant
638 2353 780 2382 animos
804 2352 963 2383 demi-wa
985 2359 1052 2392 per
1077 2360 1223 2393 aurem,

284 2393 402 2436 Quam
428 2405 522 2437 quae
545 2397 631 2428 sunt
655 2396 768 2427 oculi:
792 2397 951 2428 <abiecta
974 2396 1155 2438 fidelibus.

127 2447 231 2482 atque
264 2447 318 2473 est
352 2444 461 2473 veluti
502 2441 728 2481 proverbium
762 2443 829 2470 ίῊιι
864 2443 950 2480 apud
978 2442 1193 2472 Herodotum
1219 2442 1253 2472 Ι.
1278 2440 1311 2469 8.
1336 2451 1405 2470 wrm
1431 2437 1495 2482 γὰρ

123 2485 284 2526 τυγχάνει
303 2485 345 2517 ἀι
344 2485 524 2537 θρωποισι
543 2484 646 2517 ἐόντα
661 2483 873 2529 ἀπιστότερα
896 2484 1096 2524 ὀφθαλμων.
1123 2487 1207 2517 alibi
1224 2487 1277 2517 sic
1299 2488 1491 2515 inversum

125 2533 314 2576 πιστοτέρα
339 2530 419 2569 ὸιμς
444 2528 549 2562 ὠτων.
597 2531 669 2562 [⁴¹.ss

84 2595 144 2634 Μ)
168 2598 260 2639 imo,
283 2607 403 2630 mense
428 2598 556 2637 Maio,
593 2597 625 2627 d.
650 2597 712 2628 XV
721 2598 745 2627 Ι.
773 2600 811 2626 ut
835 2605 879 2627 ex
904 2598 981 2634 ipso
1007 2597 1187 2628 Orationis
1214 2597 1355 2628 constat
1380 2595 1496 2630 titulo,

133 2643 244 2673 relato
277 2643 406 2683 Opusc.
441 2642 582 2673 Ruhnk.
624 2651 656 2681 p.
690 2641 767 2679 SS.;
807 2650 885 2671 cnm
919 2642 1058 2680 quidem
1089 2642 1246 2671 eiusdem
1280 2641 1361 2671 anni
1398 2640 1496 2670 1757.

131 2688 291 2723 proxime
317 2687 551 2725 praecedente
576 2695 696 2717 mense
727 2685 954 2722 Februario,
989 2686 1200 2716 Ruhnkenio
1225 2685 1343 2715 delata
1366 2685 1497 2714 fuisset

131 2730 279 2761 docendi
312 2733 517 2771 provincia,
550 2735 587 2761 ut
621 2734 781 2761 novimus
814 2738 858 2761 ex
889 2730 980 2761 datis
1012 2738 1134 2761 mense
1166 2730 1309 2762 Martio
1340 2729 1496 2760 Ernesto

131 2774 256 2815 literis,
281 2775 360 2806 ibid.
386 2784 426 2816 p»
442 2776 521 2808 846.
571 2775 806 2807 BERGMAN.
