1816 3233
848 197 1160 243 —210—

298 319 423 360 Aquila
444 316 636 354 Romanus,
661 313 797 346 Rhetor
820 311 898 346 143.

300 363 472 397 Aristides
495 361 633 393 Rhetor
656 358 712 390 50.

299 403 774 490 2{iggossill'ilaelisnelffffiyzantius
805 449 842 478 et
867 446 1121 486 Aristarchus,
1155 453 1234 477 cum
1266 441 1456 476 Zenodoto
1491 447 1527 477 et
1555 441 1716 484 cratete,

367 497 579 527 criticorum
604 494 760 532 primarii
781 492 837 523 50.
863 494 1028 532 cuiusque
1046 493 1190 532 generis
1209 492 1359 530 optimos
1378 497 1537 530 quosque
1553 491 1714 530 scripto-

366 548 426 571 res
445 539 556 571 veluti
579 545 690 569 censu
713 537 852 578 agendo
875 540 911 568 in
934 545 1019 568 suas
1036 537 1169 567 classes
1183 535 1408 576 'redegerunt
1426 533 1505 566 145.
1516 541 1568 574 sq.
1581 533 1615 565 et
1629 533 1715 565 adn.

302 585 531 623 Aristoteles,
558 583 753 621 Dionysius
778 583 876 622 Hah,
901 582 1126 620 Athenaeus,
1151 581 1354 620 Longinus,
1375 579 1607 620 Porphyrius,
1629 587 1718 611 eru-

368 630 528 661 ditissimi
551 628 728 666 homiues,
754 631 916 659 veterum
940 629 1158 666 scriptorum
1181 628 1397 666 interpretes
1422 623 1478 656 50.

303 677 555 708 Aristoxenus:
581 672 652 703 vid.
679 672 817 703 Mahne.

301 719 481 752 Arnaldus
506 717 765 749 Hemsterhusii
790 716 984 756 discipulus
1008 714 1064 746 47.

303 767 474 796 Arrianus
496 763 576 793 271.

305 812 423 841 Asiam
448 812 563 839 totam
587 808 624 837 et
647 806 844 846 Aegyptum
871 805 1076 837 obtinebant
1100 804 1264 837 Graecae
1288 804 1414 836 literae
1438 802 1518 835 144.

301 853 453 894 Assequi
476 856 513 884 et
535 851 636 892 sequi
658 851 715 881 28.
740 855 777 882 ct
800 851 880 882 adn.

302 901 496 931 Atacinus:
521 897 593 927 vid.
619 896 749 927 Varro.

302 945 430 976 Auctio
454 943 694 973 Bibliothecae
718 940 972 972 Gronovianae
999 939 1074 972 191.
1092 947 1145 982 sq.

302 990 441 1021 Auctor
465 988 545 1018 libri
571 986 615 1018 de
641 987 677 1016 B.
703 986 815 1017 Afric.
841 985 920 1016 268.
946 985 1035 1016 adn.

302 1037 476 1065 Auctores
501 1032 645 1063 classici
671 1030 802 1062 Graeci
833 1031 947 1061 omnis
979 1030 1138 1061 liberalis
1167 1029 1395 1060 institutionis
1419 1026 1553 1059 initium
1577 1028 1614 1058 et
1637 1024 1720 1057 fun-

369 1079 566 1108 damentum
591 1078 647 1106 55.
672 1083 794 1106 eorum
821 1082 973 1106 censura
996 1076 1039 1107 ab
1064 1074 1311 1106 Grammaticis
1343 1073 1436 1104 facta
1466 1071 1540 1104 145.
1561 1077 1613 1112 sq.
1652 1077 1720 1112 quo

371 1122 475 1152 modo
498 1123 568 1151 siut
591 1120 731 1160 legendi
755 1119 811 1151 34.
835 1126 911 1159 sqq.

308 1169 488 1207 Augustus
511 1164 566 1194 82.

305 1214 432 1242 Auris:
459 1210 496 1240 in
520 1216 647 1239 aurem
671 1207 793 1238 dicere
817 1206 894 1238 171.
919 1206 1005 1238 adn.

309 1257 457 1287 Bachius
482 1256 698 1285 Ernestinae
723 1252 928 1292 disciplinae
952 1254 1112 1284 alumnus
1135 1251 1190 1283 47.

304 1301 400 1331 Bake
426 1301 483 1338 (H.
509 1299 567 1335 A.)
592 1298 670 1328 265.
696 1297 782 1327 adn.

302 1346 454 1383 nangius
481 1342 547 1383 (10.
573 1339 777 1378 Christian.)
802 1343 947 1380 scripsit
970 1342 1133 1381 Elogium
1156 1341 1427 1380 VVyttenbacltii
1451 1340 1563 1380 patris
1589 1338 1668 1371 165.

301 1389 558 1420 Barthelemius
584 1387 837 1418 Anacharsidis
860 1388 1014 1425 scriptor
1040 1386 1114 1419 172.

304 1433 456 1464 Beckius
483 1431 688 1469 (Christian.
715 1430 819 1470 Dan.)
843 1429 922 1460 219.
948 1431 1033 1462 adn.

302 1478 433 1509 Bellum
459 1478 699 1512 Britannicum
727 1475 800 1505 179.
834 1475 878 1506 de
905 1476 1096 1514 Hispanica
1118 1475 1349 1506 successione
1377 1471 1451 1506 isi.

302 1519 561 1562 Beneficientia
589 1529 648 1561 pro
673 1517 905 1560 beneficentia
931 1522 1060 1551 vitiose
1084 1520 1254 1551 scribitur
1277 1518 1356 1550 261.
1381 1519 1463 1549 adn.

304 1568 482 1599 Bentleius
505 1566 585 1596 222.
617 1566 795 1597 excellens
827 1567 860 1595 in
886 1565 1095 1606 fragmentis
1127 1569 1310 1605 poetarum
1343 1563 1510 1595 eruendis
1534 1561 1613 1594 135.
1648 1562 1724 1594 eius

371 1613 627 1650 disputationes
651 1610 728 1640 222.
756 1612 787 1640 ei
814 1610 936 1640 similis
962 1612 995 1640 in
1022 1611 1115 1641 omni
1140 1609 1294 1641 Critices
1318 1616 1464 1640 munere
1488 1607 1723 1640 Ruhnkenius

370 1655 457 1687 ibid.
483 1657 558 1686 eius
582 1656 725 1694 superb.
749 1655 878 1685 dictum
902 1655 980 1685 239.

304 1702 482 1740 Bergcrus
507 1700 572 1740 (lo.
600 1699 708 1739 Guil.)
739 1700 773 1729 in
799 1700 1005 1739 eloquentia
1038 1702 1074 1730 et
1096 1700 1300 1739 antiquitate
1325 1699 1428 1730 Rom.
1453 1698 1725 1729 versatissimus

371 1745 426 1775 13.
451 1747 680 1784 antiquitates
701 1745 800 1775 Rom.
828 1748 863 1775 et
887 1745 1112 1784 eloquentiae
1137 1747 1329 1782 praecepta
1353 1743 1463 1775 tradit
1475 1742 1724 1780 Wittebergae

371 1789 425 1820 14.
451 1791 528 1820 eius
552 1790 627 1819 libri
654 1790 696 1819 de
721 1789 800 1819 Lat.
826 1789 1027 1828 eloquentia
1056 1789 1106 1819 15.
1140 1788 1361 1820 incredibilis
1385 1788 1541 1828 cognitio
1566 1791 1602 1819 et
1625 1789 1726 1827 copia

371 1835 543 1865 bonorum
567 1834 738 1864 librorum
762 1831 848 1863 ibid.
875 1832 951 1864 165.
977 1833 1054 1863 185.
1081 1833 1234 1872 epistola
1258 1835 1299 1865 ad
1315 1833 1599 1872 Oudendorpinm
1625 1839 1725 1863 com-

371 1879 586 1910 mendaticia
609 1879 661 1908 19.
696 1880 772 1909 eius
798 1877 986 1917 disciplina
1011 1878 1091 1917 quid
1117 1876 1282 1909 effectum
1306 1878 1414 1910 fuerit
1436 1877 1493 1908 33.
1525 1875 1725 1909 Camerarii

369 1925 503 1961 scripta
529 1925 769 1954 constituerat
794 1922 902 1953 edere
927 1921 983 1952 16.

304 1969 504 1999 Bernartius
530 1969 699 2006 medicus,
723 1968 878 1997 'rhomae
901 1967 1066 2007 Magistri
1090 1966 1208 1997 editor
1231 1965 1289 1998 45.
1314 1967 1370 1997 53.

304 2013 521 2043 Bibliotheca
548 2014 693 2052 Bergeri
718 2010 772 2042 15.
799 2012 1062 2042 Burmanniana
1086 2010 1163 2041 174.
1187 2010 1283 2041 extr.
1311 2010 1547 2043 Gronoviana
1570 2009 1648 2042 191.
1672 2017 1725 2051 sq.

373 2056 670 2097 Lugdunohatava
696 2056 772 2087 166.
798 2055 874 2087 175.
902 2056 979 2086 192.
1004 2055 1166 2087 Medicea
1191 2055 1269 2087 185.
1294 2056 1406 2087 Paris.
1428 2057 1542 2096 Regia
1566 2055 1621 2087 64.
1639 2055 1725 2086 adn.

373 2103 494 2132 Sancti
520 2101 687 2132 Germani
721 2104 753 2131 in
789 2101 902 2132 Pratis
935 2101 989 2131 64.
1015 2100 1098 2131 adn.
1135 2099 1370 2143 Coisliniana,
1394 2102 1481 2133 olim
1504 2102 1725 2142 segueriana

371 2146 426 2177 52.
450 2146 536 2176 culn.
565 2147 822 2177 Ruhnkeniana
853 2146 932 2176 255.
957 2146 1037 2177 265.
1061 2145 1146 2176 adn.

305 2191 536 2222 Biiirnstalius
561 2191 697 2222 Suedas
720 2189 800 2222 249,

306 2237 500 2267 Bondamus
525 2236 580 2267 45.

304 2282 474 2312 Boschius
500 2279 676 2320 (Hieron.)
700 2279 779 2310 209.

304 2326 428 2356 Bosius
454 2324 660 2365 (Lanihert.)
687 2328 898 2365 praeceptor
926 2325 1072 2356 Albertii
1097 2323 1174 2355 116.
1200 2332 1253 2365 sq.
1291 2325 1369 2356 eius
1401 2324 1611 2357 dissertatio
1641 2327 1726 2367 ety-

372 2370 503 2409 molog.
529 2370 585 2400 27.

305 2415 460 2445 Bosscha
485 2414 565 2453 (lo)
592 2413 668 2445 193.
694 2413 779 2444 adn.

304 2461 564 2489 Britannicum:
590 2459 662 2489 vid.
691 2460 832 2489 Bellum.

306 2504 502 2534 Brunckius
526 2503 604 2534 232.
640 2505 716 2534 eius
741 2504 917 2535 sententia
943 2503 986 2535 de
1013 2503 1160 2535 Timaeo
1184 2504 1371 2537 Ruhnken.
1396 2506 1452 2537 59.

306 2549 474 2579 Brunsius
500 2549 551 2587 (Ρ.
578 2547 664 2588 lac.)
688 2548 762 2579 rid.
789 2549 935 2579 Terent.

305 2593 521 2632 Burgessius
546 2592 703 2632 (Thom.)
729 2594 916 2624 Britannus
942 2591 1115 2623 189.232.

306 2637 528 2668 Burmannus
553 2640 730 2670 secundus
761 2647 790 2668 s.
816 2639 933 2669 minor
963 2638 1110 2677 (iunior)
1141 2640 1177 2669 et
1213 2638 1432 2669 Schraderus
1458 2638 1724 2680 Franequerani

375 2682 604 2713 Professores
632 2682 688 2713 45.
723 2691 848 2714 eorum
885 2690 962 2713 cum
993 2682 1204 2714 Ruhnkenio
1236 2684 1437 2715 inimicitiae
1468 2683 1523 2715 92.
1560 2684 1636 2717 159.
1667 2693 1724 2726 sq.

379 2726 495 2756 Burni.
528 2734 605 2758 cum
630 2728 842 2758 Ruhnkenio
870 2727 1008 2757 facilius
1033 2727 1280 2759 reconciliatus
1304 2728 1359 2759 92.
1384 2731 1419 2760 in
1443 2731 1594 2769 gratiam
1617 2730 1724 2762 rediit

372 2769 448 2801 170.
474 2772 550 2801 eius
574 2779 672 2803 mors
696 2775 732 2803 et
757 2772 968 2804 bibliotheca
992 2771 1070 2804 174.
1096 2771 1192 2803 extr.
