1816 3233
619 254 675 265 --
735 233 930 276 227-

64 344 197 385 Captus
222 346 330 378 oculis
357 345 432 378 191.
462 372 471 379 .

66 391 243 431 Caspai-us
266 400 316 422 an
339 392 474 432 Caspar
498 391 575 423 193.

67 436 258 476 catalogus
280 445 352 477 pro
376 438 492 469 indice
518 437 593 469 180.
632 438 737 470 catal.

109 483 286 513 auctionis
313 482 389 514 192.

64 524 244 558 Catliedra
289 527 334 559 de
379 535 525 558 munere
580 527 740 559 doctoris

110 571 361 612 (Professoris)
381 572 459 603 208.
486 572 642 613 Graeca,
667 574 739 604 La-

112 618 184 648 tina
216 615 302 648 ibid.
328 616 404 647 185.
431 616 510 648 208.
548 618 738 650 cathedrae

105 668 178 700 pro
201 663 317 693 reditu
342 662 588 694 cathedrarum
614 663 690 694 179.

64 705 198 738 Causa:
230 708 286 737 sui
311 714 419 738 causa
442 715 514 746 pro
538 716 601 739 sua
626 716 738 739 causa

107 751 184 782 196.
210 753 279 783 mei
302 759 414 783 causa
439 754 516 783 199.
547 754 601 783 sui
625 754 735 792 ipsius

103 803 211 827 causa
229 797 311 828 205.
335 805 476 829 suarum
496 800 611 837 magis
631 806 734 838 quam

103 842 160 872 sui
184 849 289 873 causa
312 841 400 873 ibid.

59 883 241 917 Cerealia:
265 887 336 918 vid.
362 887 463 917 Ludi.

57 930 218 963 Cessatio
243 931 287 962 de
310 939 402 972 ayro
426 931 503 962 200.

59 975 319 1017 Clialcograplii
347 977 423 1007 169.
450 977 527 1007 199.

58 1020 337 1063 chalcographia
361 1021 395 1053 et
413 1022 731 1062 chalcographeum

59 1108 296 1143 Charisius
321 1111 398 1143 172.

58 1154 213 1187 Chartae
238 1157 514 1198 typographicae
538 1155 618 1188 184.

59 1199 226 1233 Cicero
257 1203 299 1233 ad
330 1205 403 1234 Att.
436 1202 513 1233 171.
542 1201 620 1233 181.
652 1202 730 1234 190.

101 1245 178 1277 206.
214 1247 291 1279 208.
330 1247 372 1279 ad
405 1247 503 1278 Fam.
540 1246 616 1278 181.
652 1248 730 1278 183.

101 1289 164 1322 bis.
194 1291 273 1323 194.
307 1291 384 1323 197.
414 1292 494 1323 203.
534 1292 614 1324 205.
647 1292 728 1323 206.

98 1336 145 1367 ad
178 1338 293 1375 Quint.
326 1338 427 1369 fratr.
458 1337 539 1369 176.
575 1339 618 1368 de
650 1338 727 1369 Fin.

103 1380 182 1413 180.
217 1382 293 1413 186.
328 1382 406 1414 198.
446 1383 530 1414 201.
566 1382 646 1413 206.
686 1383 729 1414 de

98 1427 241 1458 Invent.
264 1427 343 1460 208.
369 1428 411 1459 de
435 1427 517 1459 Iure
532 1428 636 1460 Civil.
653 1428 729 1459 172.

100 1473 145 1503 de
177 1473 265 1512 Leg.
299 1473 376 1504 185.
412 1474 454 1504 de
484 1473 525 1504 N.
553 1473 627 1504 DD.
653 1473 729 1504 170.

101 1516 181 1548 177.
207 1515 269 1548 bz’s.
293 1517 371 1548 206.
398 1519 441 1550 de
459 1517 524 1549 Off.
553 1518 630 1548 184.
652 1518 728 1549 195.

99 1561 177 1593 198.
222 1563 264 1593 de
297 1562 395 1594 Orat.
430 1561 507 1594 174.
540 1563 617 1593 193.
652 1562 727 1594 194.

100 1607 144 1638 de
178 1607 280 1638 Univ.
314 1607 395 1639 172.
438 1610 472 1639 in
507 1609 615 1639 Bruto
648 1608 726 1639 175.

99 1651 178 1683 182.
213 1653 290 1684 198.
323 1652 403 1684 208.
443 1656 478 1684 in
512 1652 615 1684 Catil.
649 1652 725 1683 192.

99 1697 176 1728 198.
213 1697 292 1730 202.
339 1700 373 1728 in
411 1698 531 1729 Laelio
570 1698 644 1729 196.
689 1700 726 1729 in

99 1741 252 1774 Oratore
277 1742 356 1774 174.
384 1743 464 1774 193.
487 1742 566 1774 194.
589 1744 724 1774 iu·Phi-

97 1787 183 1826 lipp.
210 1786 287 1818 174.
311 1787 390 1820 205.
415 1790 451 1819 in
477 1789 616 1819 Tuscul.
649 1788 724 1819 181.

97 1833 134 1862 in
167 1833 273 1864 Verr.
309 1831 385 1864 171.
421 1833 498 1864 180.
531 1833 607 1864 181.
643 1834 724 1864 182.

98 1876 175 1908 189.
201 1876 264 1907 bis.
287 1886 353 1917 pro
375 1877 513 1910 Cluent.
543 1877 618 1909 174.
645 1876 738 1908 190.·

97 1930 160 1961 pro
195 1923 268 1954 Mil.
307 1921 382 1953 170.
416 1922 491 1954 172.
531 1931 597 1963 pro
633 1923 724 1953 Mur.

95 1966 174 1998 200.
199 1976 264 2006 pro
289 1968 409 1998 Rabir.
431 1968 527 1999 Post.
555 1967 633 1998 177.
660 1975 724 2006 pro

95 2011 200 2043 Rosc.
235 2013 354 2043 Amer.
391 2012 465 2043 173.
504 2021 567 2052 pro
602 2015 725 2042 scaur-

98 2057 179 2088 193.
214 2065 279 2096 pro
306 2059 398 2088 Sest.
424 2055 502 2088 189.
540 2065 605 2097 pro
631 2057 727 2089 >sulla

97 2100 176 2132 172.

51 2144 173 2178 citare
197 2146 274 2178 182.

52 2190 188 2222 Civitas
212 2193 362 2231 erudita,
387 2192 530 2223 literata
548 2191 625 2223 185.
646 2190 724 2222 197.

51 2235 185 2311 Οίῆἔθε
225 2238 442 2270 adulterinae
488 2238 566 2269 187.
614 2245 725 2268 verae

96 2281 110 2311 z'
134 2281 184 2312 id.

52 2325 222 2358 Coactum
247 2327 323 2358 175.

51 2370 190 2403 Coena:
228 2372 273 2403 ad
304 2380 473 2413 coenam,
509 2380 616 2412 super
640 2379 725 2403 coe-

97 2425 194 2458 nam,
219 2419 312 2449 inter
336 2425 481 2449 coenam
506 2417 587 2447 208.

50 2461 255 2500 Coeperunt
279 2462 411 2503 (coepti
431 2461 529 2503 sunt)
548 2462 722 2494 celebrari

95 2506 174 2537 178.

50 2550 276 2592 Cogitatione
311 2551 518 2594 depingere,
554 2553 619 2584 sibi
657 2552 724 2584 fin-

95 2604 181 2637 gere
206 2596 282 2627 172.

50 2639 279 2682 Cognoscere
303 2642 447 2674 uberius
473 2642 550 2673 173.
588 2650 721 2679 cogno-

95 2694 200 2718 scens
225 2686 268 2717 de
292 2695 332 2717 eo
362 2689 419 2727 qui
452 2690 618 2727 cognovit
642 2688 720 2719 178.

96 2734 240 2772 cognito
262 2729 342 2762 Abl.
366 2731 477 2764 absol.
504 2733 581 2764 198.

51 2774 270 2808 Collationes
313 2778 472 2811 codicum
509 2780 721 2818 scriptorum

808 347 1036 380 collectanea
1060 347 1137 381 188.

809 392 984 424 Collectio
1010 393 1087 424 184.
1114 393 1192 425 188.

810 437 1008 469 Collocatio
1054 437 1249 471 verborum
1302 439 1381 472 202.
1439 441 1480 474 in

850 481 960 523 form.
972 484 1039 514 hoc
1054 487 1109 515 est:
1130 487 1221 516 enim
1236 486 1270 516 et
1283 486 1391 517 simil.
1402 486 1482 519 194.

809 528 1065 559 Columella
1091 529 1169 560 177.
1194 531 1272 561 178.
1304 531 1380 562 188.

808 574 1059 605 Commentarii
1085 575 1279 607 electorum
1304 574 1382 607 188.

807 618 1078 650 Commentator
1100 619 1182 650 202.

808 663 1062 695 commercium
1087 665 1315 703 epistolarum
1336 666 1415 699 203.

806 708 1057 748 Compendium
1084 709 1160 740 174.

808 754 1007 792 Compilare
1034 754 1110 784 176.
1138 753 1217 786 182.
1244 753 1324 786 192.

804 797 1013 837 Compilatio
1042 798 1116 829 192.

805 843 1022 882 Compilator
1049 843 1124 873 192.
1163 844 1376 883 compilator
1410 854 1478 878 ve-

848 892 959 926 terum
991 887 1036 918 ab
1061 888 1214 919 aemulis
1237 889 1358 922 dictus
1388 891 1474 922 Vir-

844 933 955 973 filaus
980 934 1059 964 192.

801 977 1002 1009 Conciones
1026 977 1103 1008 190.

802 1021 984 1054 Conditio:
1013 1023 1088 1054 vid.
1110 1021 1340 1055 Luculentus.

801 1068 976 1100 Conditor
1000 1068 1076 1099 189.

802 1112 1028 1145 Confahulari
1054 1112 1133 1143 173.
1162 1112 1238 1144 181.

802 1158 1051 1190 Coni'abulatio
1076 1157 1154 1189 173.
1179 1158 1258 1190 200.

801 1203 1046 1244 Congruentia
1071 1204 1148 1234 179.

802 1248 1016 1280 Coniectura
1040 1249 1235 1281 informare
1258 1247 1335 1279 172.

802 1292 1059 1325 Coniunctivus
1091 1294 1190 1324 recte
1218 1293 1361 1332 positus
1393 1293 1471 1327 197.

842 1340 919 1370 sine
941 1339 1072 1369 {dorma
1096 1345 1210 1368 causa
1231 1339 1373 1377 positus
1394 1338 1471 1371 190.

842 1383 903 1414 ubi
939 1383 1124 1423 exspectes
1163 1382 1359 1415 Indicatz'v.
1395 1384 1485 1416 193.-

843 1428 921 1460 183.
954 1428 1000 1469 cf.
1026 1429 1103 1459 203.
1141 1428 1278 1467 dupleae
1300 1429 1340 1459 in
1360 1427 1470 1470 form.

844 1482 914 1505 uon
956 1475 1044 1515 quod
1080 1491 1121 1496 —
1158 1475 1221 1504 sed
1267 1475 1354 1514 quod
1395 1475 1471 1506 183.

843 1524 990 1550 caveret
1013 1518 1075 1549 ubi
1093 1518 1234 1550 dicend.
1260 1526 1391 1551 cavere
1408 1520 1471 1551 de-

845 1565 946 1596 beret
967 1564 1023 1595 vel
1046 1563 1153 1594 simil.
1180 1564 1258 1595 197.

796 1612 994 1641 conrector
1018 1609 1095 1640 179.

799 1653 1007 1686 Consecutio
1031 1654 1234 1693 temporum
1259 1652 1340 1686 171.
1369 1652 1446 1686 181.

795 1699 971 1731 Constare
997 1702 1110 1740 gratis
1135 1698 1211 1731 180.

795 1744 1024 1776 Consuetudo
1049 1745 1279 1784 epistolarum
1304 1742 1382 1774 203.

796 1789 995 1821 Consulere
1031 1790 1184 1820 studium
1222 1797 1344 1827 suum,
1390 1789 1470 1819 ani-

841 1844 944 1874 mum,
968 1843 1073 1866 aures
1097 1843 1192 1875 suaS‚
1216 1835 1328 1874 vireS‚
1352 1834 1467 1865 facul-

840 1882 921 1910 tatis
948 1880 1084 1911 modum
1109 1880 1191 1910 205.

794 1924 1004 1956 Contemtor
1047 1926 1221 1964 pecuniae
1256 1924 1395 1955 animus
1436 1923 1470 1955 et

840 1970 947 2000 sz'mz'l.
969 1970 1044 2000 199.

796 2014 1050 2046 Contentiosus
1078 2013 1156 2044 196.

796 2059 993 2090 Contentus
1019 2067 1093 2089 sum
1119 2065 1189 2098 seq.
1213 2053 1317 2098 Infin.
1344 2056 1420 2088 198.

796 2105 991 2136 Contextus
1014 2103 1093 2134 201.

797 2149 982 2180 Contineri
997 2146 1169 2188 (scriniis)
1185 2148 1219 2178 in
1237 2145 1465 2179 scriniisiee.

796 2195 973 2226 Continuo
998 2194 1022 2223 i.
1047 2202 1075 2224 e.
1101 2193 1254 2231 assidue,
1279 2194 1466 2223 coutinen-

839 2243 895 2270 ter
924 2239 996 2269 199.
1022 2239 1102 2270 203.
1129 2237 1206 2268 204.
1237 2237 1325 2277 quid
1348 2237 1463 2278 siqni-

834 2282 920 2324 ficet
944 2283 1043 2322 almd
1070 2281 1276 2315 Ciceronem
1303 2283 1378 2313 199.

793 2329 926 2360 Contra
949 2331 1100 2368 aliquem
1126 2329 1246 2360 valere
1271 2326 1351 2359 185.

793 2374 1058 2405 Convaleseere
1080 2374 1159 2404 200.

794 2419 1055 2450 Convenientia
1080 2417 1157 2448 179.

792 2464 1037 2496 Cornelius
1063 2464 1207 2502 Nepos
1232 2461 1309 2494 189.

792 2509 995 2548 Corporeus
1020 2508 1100 2539 172.

791 2554 1042 2586 Con-rectiones
1066 2556 1102 2585 in
1121 2554 1271 2593 aliquem
1283 2549 1464 2594 (alicuius)

837 2601 998 2630 scribere
1024 2599 1099 2629 196.

791 2644 1083 2676 Correctiuncula
1111 2644 1185 2674 198.

793 2689 985 2727 Cori-igere
1024 2690 1175 2728 aliquem
1213 2686 1290 2718 182.
1327 2688 1461 2727 corrig.

836 2734 869 2766 et
896 2733 1088 2765 emendare
1113 2734 1190 2765 196.

792 2779 1025 2819 corruptelae
1057 2787 1129 2819 pro
1166 2780 1463 2820 corruptionibus,

815 2850 817 2853 .
837 2825 1150 2865 depravationibus
1173 2823 1250 2856 191.

1117 2878 1195 2919 15*
