1816 3233
654 205 962 251 —211-

101 318 237 353 Caesar
257 319 336 351 268.

98 365 285 398 Calcaria:
311 364 385 396 vid.
409 365 599 397 Fraenum.

99 409 332 442 Callimachus
358 410 402 440 ab
426 412 591 442 Ernestio
617 410 731 442 editus
769 411 823 442 79.
849 417 924 451 sqq.
971 409 1047 441 Vid.
1073 409 1260 449 Emesam,
1282 408 1514 441 Ruhnkenius‘

164 454 199 485 et
223 455 498 486 Valckenarius.
547 455 748 487 Callimachi
775 455 875 487 locus
900 455 1061 486 laudatur
1085 452 1139 484 11.
1157 453 1242 484 adn.

96 498 332 531 callimachus
357 500 613 531 Grammaticus
636 500 714 531 145.
739 500 826 532 adn.

96 542 465 585 camerarii(10ach.)
491 546 622 585 script-a
646 547 755 577 edere
779 544 1016 576 constituerat
1040 545 1229 584 uergens,
1252 545 1376 583 postea
1390 542 1514 575 Ruhn-

163 589 289 619 kenius
313 588 368 618 16.

95 632 250 664 Canibus
275 632 391 672 longis
415 640 445 661 s.
471 635 631 673 veriagis
656 634 690 664 in
713 635 908 665 venatione
933 633 1097 664 utebatur
1122 633 1263 664 Ruhnk.
1288 632 1366 664 271.
1392 640 1444 673 sq.

94 677 217 709 Canon
243 679 458 716 scriptorum
483 678 526 708 ab
550 679 787 718 Aristophane
811 679 988 718 Byzantio
1021 683 1056 710 et
1080 679 1286 709 Aristarcho
1316 678 1512 718 consectus,

162 723 296 753 sensim
320 725 442 753 auctus
468 725 503 754 et
527 726 678 754 mutatus
703 731 723 753 a
747 726 974 762 sequentibus
1000 723 1247 754 Grammaticis
1273 722 1348 754 145.
1372 723 1458 754 adn.

94 766 402 806 Capperonnerius
425 767 626 805 praefectus
650 769 741 807 Reg.
764 768 927 800 Biblioth.
954 767 1068 799 Paris,
1093 767 1149 798 64.
1174 775 1251 808 sqq.

94 811 306 843 Cartesiana
329 811 549 850 philosophia
574 814 785 851 optimarum
811 813 994 844 literarum
1018 812 1146 843 studiis
1170 814 1289 852 iniqua
1317 811 1396 843 111.
1434 837 1438 839 ,

94 855 329 888 Casaubonus
354 854 511 896 (Issam),
533 856 674 896 loseph.
699 857 859 897 Scaliger
884 860 920 888 et
945 857 1068 888 Claud.
1102 857 1295 888 salmasius
1326 857 1510 888 literarum

160 902 378 940 antiquarum
403 902 640 939 principatum
667 905 856 933 tenuerunt
878 901 934 932 24.
959 902 1014 932 27.
1040 900 1118 932 163.
1146 901 1294 932 casaub.
1314 903 1396 933 Bibl.
1418 902 1509 940 Reg.

159 945 271 976 Paris.
297 944 498 983 praefectus
521 945 577 975 67.

92 988 257 1029 Catalogi
282 988 441 1020 codicum
470 998 556 1021 mss.
588 989 762 1029 quomodo
796 989 1000 1030 plerumque
1035 992 1072 1021 et
1104 998 1125 1021 a
1157 990 1279 1030 quibus
1308 990 1509 1022 hominibus

158 1035 231 1065 sint
253 1034 409 1065 confecti
433 1033 490 1064 66.

91 1077 283 1110 catharina
308 1078 349 1108 ΙΙ.
372 1078 570 1110 Russorum
593 1078 753 1118 Augusta
780 1078 855 1109 192.
1203 1088 1205 1090 ·

91 1123 237 1155 Catonis
263 1124 330 1153 tria
352 1123 566 1161 poenitenda
591 1122 684 1154 facta
709 1122 785 1154 176.
810 1123 846 1154 et
868 1122 952 1154 adn.
978 1122 1020 1155 de
1042 1124 1082 1161 Q.
1101 1123 1200 1155 Fabii
1223 1124 1317 1155 Max.
1343 1129 1509 1154 sermone

158 1166 326 1198 iudicium
347 1166 428 1198 275.

90 1211 188 1244 Celsi
212 1212 319 1242 editio
343 1210 647 1252 Lugdunobatava
670 1209 747 1242 191.

92 1256 248 1288 Celtica:
273 1257 310 1286 in
336 1255 470 1287 Celtica
496 1256 588 1295 quod
615 1258 816 1287 venationis
841 1264 952 1296 genus
978 1258 1147 1288 usitatum
1172 1257 1281 1288 fuerit
1303 1254 1385 1288 271.

90 1300 229 1333 Censor
252 1300 524 1340 Goettingensis
552 1300 711 1339 Appuleii
736 1299 959 1340 Oudendorp.
985 1301 1064 1331 230.

91 1345 323 1385 Chaerephon
346 1346 552 1376 Socraticus
576 1343 655 1374 248.

90 1389 281 1430 Chrysippi
304 1390 501 1421 Stoicorum
525 1390 692 1428 principis
718 1388 849 1419 dictum
873 1387 949 1419 246.
975 1386 1023 1427 cf.
1047 1389 1125 1420 247.
1151 1389 1237 1420 adn.

91 1435 220 1467 Cicero
244 1434 368 1474 quibus
393 1434 528 1473 placet,
559 1433 593 1463 hi
619 1434 764 1464 multum
788 1434 1017 1473 profecerunt
1040 1434 1096 1464 33.
1128 1436 1204 1465 eius
1228 1441 1341 1474 genus
1366 1431 1509 1465 dicendi

158 1478 239 1511 231.
276 1478 464 1510 Ciceronis
497 1477 740 1509 adolescentis
775 1479 907 1517 primus
940 1478 1044 1509 dolor
1074 1478 1106 1508 9.
1143 1480 1218 1509 eius
1250 1479 1417 1509 monitum
1448 1479 1505 1508 76.

160 1525 236 1555 eius
271 1524 455 1555 orationes
485 1522 655 1562 quaedam
694 1528 730 1554 et
769 1524 944 1562 epistolae
982 1531 1048 1561 pro
1080 1523 1228 1554 subditis
1261 1523 1400 1554 habitae
1427 1522 1506 1554 219.

159 1569 237 1600 eius
269 1568 366 1599 locus
401 1568 607 1598 emendatur
629 1566 818 1598 243.αι1η.
855 1570 931 1598 eius
961 1567 1061 1598 locus
1092 1568 1288 1607 explicatur
1317 1566 1397 1597 266.
1420 1567 1507 1598 adn.

157 1614 235 1644 eius
266 1615 336 1643 loci
366 1611 553 1643 laudantur
583 1613 614 1641 3.
647 1612 680 1642 et
711 1611 744 1642 4.
769 1612 854 1642 adn.
885 1611 941 1643 21.
965 1612 1050 1643 adn.
1081 1612 1137 1643 30.
1165 1611 1222 1643 42.
1252 1613 1308 1642 72.
1339 1611 1394 1641 79.
1420 1611 1508 1642 adn.

156 1657 234 1689 120.
260 1656 345 1688 adn.
370 1656 448 1687 197.
472 1655 553 1688 210.
579 1655 662 1687 adn.
687 1656 766 1687 213.
791 1657 875 1687 adn.
899 1656 978 1687 221.
1004 1657 1089 1688 adn.
1114 1657 1191 1687 233.
1217 1656 1302 1688 adn.
1324 1656 1404 1688 266.
1426 1655 1504 1687 280.

87 1700 328 1734 Conrectores
353 1701 631 1742 Gymnasiorum
654 1701 748 1740 apud
771 1703 922 1732 Batavos
946 1701 1000 1731 63.

87 1746 226 1787 Corpus
249 1747 356 1778 animi
380 1754 449 1777 non
474 1747 648 1784 dominus,
671 1745 736 1777 sed
761 1748 922 1776 minister
945 1745 1025 1776 271.

89 1791 239 1824 corradi
263 1788 433 1832 (sebast.)
458 1791 655 1828 Quaestum
681 1790 759 1820 164.
786 1792 863 1820 eius
887 1791 963 1821 libri
988 1790 1073 1820 duas
1098 1791 1230 1832 partes,
1254 1789 1401 1822 alteram
1424 1797 1506 1829 sup-

155 1835 338 1876 peditante
361 1835 585 1873 Ruhnkeuio‚
611 1835 716 1865 edidit
740 1836 924 1866 Ernestius
947 1832 1034 1865 ibid.
1060 1834 1094 1865 et
1116 1841 1168 1875 sq.

89 1879 305 1920 Corruptela
328 1883 365 1911 et
387 1880 484 1910 labes
509 1879 764 1918 exemplarium
788 1883 951 1911 veterum
975 1879 1032 1910 26.

91 1922 228 1955 (hassa
249 1923 420 1955 Minerva
443 1924 585 1954 discere
612 1924 664 1954 12.
690 1925 769 1954 adn.

89 1967 216 2000 Crates
239 1967 438 2009 (Mallotes)
463 1967 720 1999 Grammaticus
743 1967 798 1997 50.

89 2011 227 2045 Critica
249 2013 308 2044 24.
331 2012 388 2043 28.
421 2014 496 2043 eius
528 2013 656 2050 duplex
688 2020 810 2042 munus
839 2012 917 2042 219.
955 2010 1044 2051 (vid.
1069 2011 1287 2052 Fragmenta
1310 2009 1343 2042 et
1369 2011 1503 2043 Emen-

155 2056 276 2097 datio.)
309 2065 377 2098 qua
400 2059 541 2088 ratione
565 2058 612 2087 sit
635 2057 829 2088 factitanda
852 2055 929 2087 234.
955 2063 1029 2096 sqq.

87 2101 303 2135 Criticorum
326 2110 453 2133 munus
476 2101 531 2132 49.
557 2109 632 2141 sqq.
658 2100 736 2132 144.

89 2146 252 2179 Cuiacius
277 2146 329 2178 47.

88 2191 238 2231 Cuipers
262 2190 335 2231 (H.)
359 2191 504 2223 celeber
525 2191 695 2231 medicus,
719 2189 908 2221 Ruhnken.
933 2190 1118 2221 familiaris
1140 2188 1220 2220 273.

91 2234 180 2268 oum
203 2239 241 2268 et
261 2235 358 2267 Dum
381 2235 458 2267 178.

89 2280 208 2321 Cyrus
230 2282 387 2312 moriens
410 2289 465 2320 ap.
490 2280 718 2320 Xenophont.
741 2279 823 2311 280.

23 2335 26 2340 ’
86 2325 330 2358 Damascenus
354 2323 504 2366 (Ioann.)
530 2325 605 2356 185.

87 2370 168 2403 Dea
190 2370 337 2411 Ignavia
358 2369 414 2401 19.
439 2369 496 2401 46.

89 2413 326 2455 Defraudare
346 2415 490 2456 qem'um
512 2421 618 2446 suum
639 2412 722 2448 254.

90 2459 294 2492 Demetrius
316 2461 452 2492 Rhetor
475 2459 531 2491 50.

89 2504 286 2538 Democriti
308 2506 441 2545 scripta
464 2504 542 2537 145.
565 2501 651 2535 adn.

90 2549 347 2582 Demosthenes
385 2557 476 2590 puer
514 2549 756 2581 Callistratum
791 2547 1060 2579 concionantem
1103 2546 1248 2579 audiens
1283 2545 1504 2588 eloquentiae

157 2595 273 2627 studio
297 2597 465 2627 incensus
489 2597 545 2627 est
567 2594 599 2624 9.
624 2595 701 2626 eius
724 2593 857 2624 dictum
880 2592 963 2623 259.

29 2627 34 2629 “
91 2638 189 2672 Deus
212 2643 270 2671 ent.
291 2641 328 2670 in
352 2640 454 2671 nobis
479 2640 534 2670 19.

93 2681 225 2715 Dicere
245 2683 286 2714 in
308 2690 435 2715 aurem
461 2683 537 2715 171.
563 2683 644 2714 adn.

92 2728 260 2760 Dictandi
281 2730 463 2769 negotium
485 2728 541 2760 75.
562 2734 639 2769 sqq.

93 2771 232 2808 Dictum
257 2773 448 2815 Tragicum
470 2771 555 2805 247.
1158 2811 1240 2852 14,
