1816 3233
832 142 1137 181 ...154-

290 257 452 294 mirifice
491 262 529 294 et
568 255 738 292 advertit
777 258 817 291 et
846 255 972 301 cepit:
1010 265 1123 301 quum
1156 263 1224 290 eos
1256 255 1446 302 viderem,
1480 266 1552 292 non
1583 255 1694 292 modo

290 314 478 357 invicem,
518 312 586 347 sed
628 321 724 359 erga
762 312 987 358 superiores
1026 315 1061 346 et
1104 311 1331 355 inferiores,
1363 314 1442 347 tum
1473 322 1566 348 vero
1597 321 1694 358 erga

290 369 502 414 discipulos
534 378 617 403 eam
649 370 782 403 tenere
813 368 1024 415 rationem,
1057 370 1095 401 ut
1127 377 1194 402 eos
1228 366 1332 402 nullo
1363 367 1587 404 discrimine
1619 369 1693 403 lia-

292 427 437 472 berent,
467 423 624 469 divites,
653 434 859 470 pauperes,
892 423 1061 467 nobileS,
1094 423 1303 468 obscuros,
1329 423 1527 468 patricios,
1558 424 1695 470 plebe-

289 482 360 523 ios,
392 479 523 514 eodem
557 479 715 514 lionoris
745 479 872 527 gradu
902 489 1087 526 censere,
1125 488 1193 513 eos
1236 478 1335 513 haud
1378 479 1493 514 dubio
1510 475 1548 525 *J
1589 480 1693 514 solos

289 535 456 569 caeteris
487 536 700 581 praeferre,
732 536 796 580 qui
828 536 995 570 caeteris
1027 534 1102 579 ipsi
1133 535 1307 569 doctrina
1338 537 1375 570 et
1407 535 1552 570 virtute
1574 545 1692 580 prae?

288 593 451 626 starent,
517 592 653 635 Itaque
697 591 794 626 tales
835 591 928 636 viri,
970 591 1033 635 qui
1076 590 1149 625 iam
1189 600 1256 636 per
1296 601 1339 625 se
1389 590 1464 636 ipsi
1505 591 1694 625 humanae

287 650 449 681 naturae
488 647 799 693 conditionisque
840 646 1112 692 aequalitatem
1148 646 1341 693 colerent,
1381 656 1426 682 eo
1468 647 1625 682 facilius
1657 647 1692 682 ei

190 702 269 737 259
286 706 431 747 sectae,
463 712 563 748 quae
593 713 636 738 se
668 703 782 738 huius
822 703 983 738 rationis
1024 702 1214 737 vindicem
1255 705 1532 748 patronamque
1570 704 1693 748 profi-

287 762 443 803 teretur,
472 759 792 794 conciliabantur.

371 814 490 860 ·Sed,
522 820 564 849 ut
593 815 781 860 stirpibus
812 814 952 859 aliena,
984 823 1031 848 ex
1053 813 1185 849 eadem
1218 816 1343 849 tamen
1376 814 1520 865 radice,
1543 814 1694 861 germi-

288 880 336 904 na
365 870 653 916 adnascuntur3
696 871 750 905 ita
790 871 955 905 humana
996 873 1133 904 natura
1172 880 1257 905 cum
1296 870 1505 906 virtutibus
1548 871 1695 915 profert

286 926 473 971 quaedam
517 937 538 960 a
580 927 739 961 Graecis
789 926 894 961 dicta
939 922 1011 962 καῖ’
1053 926 1349 974 ἐπακολούθησιν
1386 926 1694 974 παραβλασῑὴμα-

288 997 341 1023 τα,
374 982 530 1017 habitus
561 986 600 1017 et
629 982 906 1017 inclinationes
946 991 1013 1025 per
1043 981 1240 1024 sequelam
1279 981 1549 1017 adnascentes.
1607 982 1694 1016 Ne·-

287 1047 360 1081 que
399 1036 716 1072 dissimulandum
757 1040 838 1083 est,
883 1037 921 1072 in
972 1035 1195 1072 Ruhnkenii
1240 1035 1367 1071 animo
1408 1037 1531 1082 tales,
1581 1036 1693 1081 quasi

286 1093 588 1137 egerminantes,
621 1093 848 1128 affectiones
880 1103 924 1127 ac
957 1091 1224 1137 proclivitates
1256 1092 1479 1141 exstitisse,
1518 1102 1616 1136 quae
1654 1093 1694 1128 in

285 1149 470 1184 virtutum
503 1159 660 1185 numero
704 1159 775 1184 non
807 1151 1055 1185 censeantur.
1114 1148 1254 1193 Neque
1294 1158 1364 1183 nos
1403 1158 1489 1184 eum
1530 1152 1571 1183 ut
1601 1158 1696 1194 per-

285 1205 427 1240 fectum
458 1205 755 1250 absolutumque
786 1205 977 1240 hominem
1008 1204 1278 1252 informamus,
1311 1214 1434 1250 neque
1466 1204 1552 1239 eius
1585 1205 1695 1240 Lau-

284 1260 496 1307 dationem,
536 1261 602 1296 sed
642 1261 775 1296 Vitam
815 1261 1038 1296 scribimus,
1102 1260 1229 1306 Igitur
1278 1270 1352 1295 non
1391 1260 1695 1306 dissimulamus,

284 1316 483 1351 naturales
525 1316 614 1352 illas
646 1317 813 1352 virtutes
852 1315 1077 1361 facilitatis,
1115 1316 1315 1363 candoris,
1354 1316 1624 1363 liberalitatis,
1655 1317 1693 1351 in

285 1372 535 1417 quotidianae
573 1373 678 1408 vitae
709 1372 881 1420 negotiis
922 1374 961 1407 et
990 1372 1294 1418 consuetudine,
1338 1372 1423 1408 eius
1467 1372 1614 1408 iudicio
1655 1375 1693 1408 et

283 1428 450 1463 acumini
493 1439 774 1474 nonnumquam
812 1427 1005 1463 offecisse.
1070 1428 1366 1472 Epicharmeum
1411 1428 1502 1463 illud
1544 1428 1693 1476 μέμψαιτ’

283 1481 527 1536 ιὶπιστεῑι·,**)
575 1485 613 1520 in
664 1493 736 1530 quo
784 1480 1206 1530 Hemsternusium***)
1255 1486 1458 1529 tantopere
1499 1483 1695 1531 laudabat,

284 1540 370 1584 ipse
410 1550 484 1575 non
527 1542 623 1576 satis
653 1542 830 1576 tenebat:
864 1540 980 1575 facile
1010 1540 1171 1574 aliorum
1210 1540 1453 1576 sermonibus
1492 1540 1696 1576 credebat:

284 1595 475 1640 promissa
513 1597 610 1643 sibi,
651 1597 829 1641 quamvis
870 1597 916 1632 ab
960 1595 1179 1631 hominibus
1220 1596 1376 1632 minime
1417 1596 1536 1631 certis
1575 1597 1696 1640 facta,

284 1655 399 1697 atque
436 1652 533 1688 adeo
572 1652 743 1699 speciem
786 1652 1062 1698 promissorum
1102 1652 1140 1687 in
1171 1651 1330 1699 amicis,
1363 1652 1525 1687 uberius
1567 1652 1694 1688 inter-

284 1709 521 1753 pretabatur,
552 1709 666 1743 datae
696 1708 785 1744 fidei
816 1712 853 1743 et
882 1707 1134 1743 iurisiurandi
1163 1708 1285 1743 instar
1317 1709 1514 1744 censebat.
1577 1708 1696 1743 Plane

283 1764 322 1798 in
372 1773 417 1798 eo
456 1765 668 1808 apparebat
718 1763 990 1799 Demosthenis
1010 1760 1070 1810 †)
1121 1763 1287 1807 dictum,
1332 1764 1353 1801 ὅ
1396 1765 1466 1813 γὰρ
1509 1763 1691 1812 βούλεται,

284 1816 388 1855 τοῦθ’
423 1822 571 1861 ἕκαστος
612 1819 669 1856 καὶ
709 1824 832 1856 οἴεται.
894 1820 989 1855 Erat
1028 1817 1170 1862 aliquis
1201 1819 1287 1853 eius
1318 1818 1480 1865 amicus,
1512 1819 1577 1864 qui
1608 1828 1694 1854 eum

283 1874 404 1910 libere
447 1885 494 1910 ac
531 1874 636 1910 serio
675 1877 872 1918 moneret,
901 1877 941 1909 ut
972 1873 1168 1918 aliquanto
1197 1875 1393 1917 maiorem,
1423 1885 1535 1920 quam
1566 1875 1696 1910 adhuc

284 1930 466 1976 fecisset,
505 1931 562 1966 rei
609 1930 813 1966 familiaris
854 1939 984 1965 curam
1035 1933 1214 1976 gereret,
1249 1930 1324 1965 nisi
1366 1931 1516 1975 ipsius,
1555 1931 1690 1966 uxoris

186 1985 265 2020 260
284 1990 388 2021 certe
428 1996 474 2021 ac
516 1986 679 2022 filiarum
712 1996 874 2021 caussa:
915 1987 1055 2031 ,‚nam“
1096 1985 1221 2030 inquit
1262 1986 1366 2032 „nisi
1411 1987 1566 2032 tuipse
1596 1996 1690 2031 pro-

284 2042 504 2088 „spemn-is,
537 2045 575 2077 ut
605 2041 771 2077 moriens
801 2041 945 2086 aliquid
977 2042 1057 2076 tuis
1087 2041 1309 2088 relinquas,
1342 2052 1466 2087 neque
1497 2051 1585 2090 ego,
1619 2053 1692 2078 ne-

281 2109 383 2144 „que
413 2097 482 2133 alii
512 2098 640 2142 amici,
673 2097 849 2143 quamvis
871 2098 1097 2143 cupienteS,
1129 2097 1337 2143 quidquam
1367 2098 1524 2134 efficere
1542 2098 1691 2143 poteri-

283 2165 416 2201 „mus3
456 2164 573 2199 quare
613 2163 710 2200 age,
750 2153 857 2199 aperi
889 2153 999 2188 nobis
1029 2152 1221 2189 rationum
1253 2157 1404 2189 tuarum
1445 2154 1621 2201 tabulas,
1651 2157 1695 2189 ut

283 2211 512 2256 „videamus
533 2210 596 2246 cui
613 2209 713 2256 parti
736 2209 1015 2245 consulendum
1043 2209 1134 2244 sit.“
1191 2209 1450 2244 Ruhnkenius
1481 2209 1694 2255 respondit,

283 2267 330 2302 de
363 2267 437 2302 hoc
466 2277 510 2302 se
539 2266 735 2312 praesenti
765 2266 998 2301 satisfacere
1031 2275 1103 2301 non
1133 2274 1260 2311 posse,
1291 2265 1442 2301 absenti
1474 2275 1539 2309 per
1557 2265 1692 2301 literas

282 2433 310 2473 ⁸)
336 2433 390 2464 Cf.
416 2435 493 2464 adn.
519 2434 561 2464 ad
589 2443 666 2475 pag.
693 2435 747 2465 ed.
775 2443 823 2474 pr.
850 2434 906 2464 74.
934 2435 1003 2466 ER.

284 2500 330 2538 '·)
355 2502 454 2540 Apud
472 2501 661 2532 stobaeum
687 2502 799 2533 Serm.
827 2501 886 2532 ΙΙΙ.
912 2511 943 2541 p.
971 2500 1026 2531 49.
1054 2501 1138 2531 edit.
1164 2500 1328 2539 Gesneri,
1353 2499 1406 2530 ed,
1433 2498 1548 2529 Grotii
1578 2508 1607 2537 p.
1633 2498 1691 2529 24.

329 2547 385 2586 qui
417 2547 591 2578 reddidit:
632 2546 777 2585 Viyihr,
814 2555 884 2577 neu
918 2546 1008 2587 quid
1042 2545 1175 2577 temere
1213 2544 1368 2581 creda83
1402 2544 1503 2574 nervi
1536 2544 1571 2573 lei
1605 2544 1690 2574 sunt

326 2591 551 2630 prudentiae.

284 2657 340 2698 ⁸⁰)
364 2659 403 2688 ln
429 2658 555 2697 Elogio
582 2667 611 2695 p.
638 2658 688 2688 75.
720 2658 813 2697 (Vol.
842 2658 865 2687 l.
900 2665 980 2697 pag.
1006 2656 1085 2686 ⁶267.
1111 2655 1164 2685 ed.
1193 2664 1234 2685 m.
1263 2655 1320 2685 ubi
1347 2655 1390 2684 cf.
1417 2654 1495 2684 adn.
1521 2654 1611 2688 FB.)

287 2723 332 2765 †)
358 2724 456 2756 Orat.
482 2724 624 2763 Olynth.
651 2724 712 2754 ΙΙΙ.
739 2734 769 2764 p.
802 2724 855 2755 37.
884 2726 920 2755 E.
