<?xml version="1.0" encoding="UTF-8"?>
<!DOCTYPE html PUBLIC "-//W3C//DTD XHTML 1.0 Transitional//EN"
    "http://www.w3.org/TR/xhtml1/DTD/xhtml1-transitional.dtd">
<html xmlns="http://www.w3.org/1999/xhtml" xml:lang="en" lang="en">
 <head>
  <title>
</title>
<meta http-equiv="Content-Type" content="text/html;charset=utf-8" />
  <meta name='ocr-system' content='tesseract 3.04.00' />
  <meta name='ocr-capabilities' content='ocr_page ocr_carea ocr_par ocr_line ocrx_word'/>
</head>
<body>
  <div class='ocr_page' id='page_1' title='image "./vitadavidisruhnk00wyttuoft_0044.png"; bbox 0 0 1833 3237; ppageno 0'>
   <div class='ocr_carea' id='block_1_1' title="bbox 838 212 1171 254">
    <p class='ocr_par' dir='ltr' id='par_1_1' title="bbox 838 212 1171 254">
     <span class='ocr_line' id='line_1_1' title="bbox 838 212 1171 254; baseline -0.015 2"><span class='ocrx_word' id='word_1_1' title='bbox 838 212 1171 254; x_wconf 72' lang='lat'><strong>-36-</strong></span> 
     </span>
    </p>
   </div>
   <div class='ocr_carea' id='block_1_2' title="bbox 250 328 1739 2661">
    <p class='ocr_par' dir='ltr' id='par_1_2' title="bbox 250 328 1739 2661">
     <span class='ocr_line' id='line_1_2' title="bbox 305 328 1720 377; baseline -0.003 -7"><span class='ocrx_word' id='word_1_2' title='bbox 305 334 450 370; x_wconf 80' lang='lat' dir='ltr'><strong>exitum</strong></span> <span class='ocrx_word' id='word_1_3' title='bbox 490 331 693 367; x_wconf 76' lang='lat' dir='ltr'><strong>deductae.</strong></span> <span class='ocrx_word' id='word_1_4' title='bbox 753 328 854 364; x_wconf 80' lang='lat' dir='ltr'><strong>Nam</strong></span> <span class='ocrx_word' id='word_1_5' title='bbox 894 329 1057 374; x_wconf 89' lang='lat' dir='ltr'><strong>primum</strong></span> <span class='ocrx_word' id='word_1_6' title='bbox 1097 328 1257 376; x_wconf 77' lang='lat' dir='ltr'>glossae</span> <span class='ocrx_word' id='word_1_7' title='bbox 1298 328 1486 376; x_wconf 85' lang='lat' dir='ltr'><strong>cuiusque</strong></span> <span class='ocrx_word' id='word_1_8' title='bbox 1523 329 1720 377; x_wconf 68' lang='lat' dir='ltr'><strong>scriptura</strong></span> 
     </span>
     <span class='ocr_line' id='line_1_3' title="bbox 305 384 1720 425; baseline -0.004 1"><span class='ocrx_word' id='word_1_9' title='bbox 305 388 557 425; x_wconf 79' lang='lat' dir='ltr'><strong>constituitur</strong></span> <span class='ocrx_word' id='word_1_10' title='bbox 586 394 783 420; x_wconf 86' lang='lat' dir='ltr'><strong>consensu</strong></span> <span class='ocrx_word' id='word_1_11' title='bbox 812 385 974 421; x_wconf 87' lang='lat' dir='ltr'><strong>aliorum</strong></span> <span class='ocrx_word' id='word_1_12' title='bbox 1007 384 1375 421; x_wconf 77' lang='lat' dir='ltr'><strong>Grammaticorum:</strong></span> <span class='ocrx_word' id='word_1_13' title='bbox 1407 389 1486 421; x_wconf 89' lang='lat' dir='ltr'><strong>tum</strong></span> <span class='ocrx_word' id='word_1_14' title='bbox 1516 387 1591 423; x_wconf 91' lang='lat' dir='ltr'><strong>loci</strong></span> <span class='ocrx_word' id='word_1_15' title='bbox 1622 387 1720 423; x_wconf 80' lang='lat' dir='ltr'><strong>Pla-</strong></span> 
     </span>
     <span class='ocr_line' id='line_1_4' title="bbox 305 441 1718 488; baseline -0.003 -7"><span class='ocrx_word' id='word_1_16' title='bbox 305 443 495 488; x_wconf 86' lang='lat' dir='ltr'><strong>tonis‚-ad</strong></span> <span class='ocrx_word' id='word_1_17' title='bbox 526 451 622 486; x_wconf 86' lang='lat' dir='ltr'><strong>quos</strong></span> <span class='ocrx_word' id='word_1_18' title='bbox 652 441 787 488; x_wconf 80' lang='lat' dir='ltr'>glossa</span> <span class='ocrx_word' id='word_1_19' title='bbox 818 444 984 488; x_wconf 88' lang='lat' dir='ltr'><strong>spectat,</strong></span> <span class='ocrx_word' id='word_1_20' title='bbox 1007 445 1268 486; x_wconf 87' lang='lat' dir='ltr'><strong>apponuntur,</strong></span> <span class='ocrx_word' id='word_1_21' title='bbox 1300 451 1460 486; x_wconf 91' lang='lat' dir='ltr'><strong>quorum</strong></span> <span class='ocrx_word' id='word_1_22' title='bbox 1482 444 1611 479; x_wconf 91' lang='lat' dir='ltr'><strong>nullus</strong></span> <span class='ocrx_word' id='word_1_23' title='bbox 1633 444 1718 478; x_wconf 83' lang='lat' dir='ltr'><strong>fere</strong></span> 
     </span>
     <span class='ocr_line' id='line_1_5' title="bbox 306 497 1717 545; baseline -0.003 -9"><span class='ocrx_word' id='word_1_24' title='bbox 306 510 379 536; x_wconf 88' lang='lat' dir='ltr'><strong>non</strong></span> <span class='ocrx_word' id='word_1_25' title='bbox 400 498 573 544; x_wconf 84' lang='lat' dir='ltr'><strong>insigne,</strong></span> <span class='ocrx_word' id='word_1_26' title='bbox 603 497 665 532; x_wconf 86' lang='lat' dir='ltr'><strong>vel</strong></span> <span class='ocrx_word' id='word_1_27' title='bbox 686 497 917 542; x_wconf 83' lang='lat' dir='ltr'><strong>sapientiae,</strong></span> <span class='ocrx_word' id='word_1_28' title='bbox 949 497 1010 531; x_wconf 91' lang='lat' dir='ltr'><strong>vel</strong></span> <span class='ocrx_word' id='word_1_29' title='bbox 1032 497 1247 532; x_wconf 75' lang='lat' dir='ltr'><strong>venustatis</strong></span> <span class='ocrx_word' id='word_1_30' title='bbox 1269 497 1399 531; x_wconf 87' lang='lat' dir='ltr'><strong>lumen</strong></span> <span class='ocrx_word' id='word_1_31' title='bbox 1423 497 1557 534; x_wconf 83' lang='lat' dir='ltr'><strong>habet:</strong></span> <span class='ocrx_word' id='word_1_32' title='bbox 1590 507 1717 545; x_wconf 85' lang='lat' dir='ltr'><strong>porro,</strong></span> 
     </span>
     <span class='ocr_line' id='line_1_6' title="bbox 305 553 1719 600; baseline -0.001 -11"><span class='ocrx_word' id='word_1_33' title='bbox 305 555 371 600; x_wconf 87' lang='lat' dir='ltr'><strong>qui</strong></span> <span class='ocrx_word' id='word_1_34' title='bbox 403 554 472 588; x_wconf 87' lang='lat' dir='ltr'><strong>bos</strong></span> <span class='ocrx_word' id='word_1_35' title='bbox 503 553 609 588; x_wconf 84' lang='lat' dir='ltr'><strong>locos</strong></span> <span class='ocrx_word' id='word_1_36' title='bbox 640 553 703 588; x_wconf 91' lang='lat' dir='ltr'><strong>vel</strong></span> <span class='ocrx_word' id='word_1_37' title='bbox 734 553 865 599; x_wconf 85' lang='lat' dir='ltr'><strong>verbo,</strong></span> <span class='ocrx_word' id='word_1_38' title='bbox 897 553 958 587; x_wconf 90' lang='lat' dir='ltr'><strong>vel</strong></span> <span class='ocrx_word' id='word_1_39' title='bbox 990 554 1204 600; x_wconf 84' lang='lat' dir='ltr'><strong>sententia,</strong></span> <span class='ocrx_word' id='word_1_40' title='bbox 1235 553 1376 588; x_wconf 85' lang='lat' dir='ltr'><strong>imitati</strong></span> <span class='ocrx_word' id='word_1_41' title='bbox 1406 555 1518 599; x_wconf 81' lang='lat' dir='ltr'><strong>sunt,</strong></span> <span class='ocrx_word' id='word_1_42' title='bbox 1549 558 1587 589; x_wconf 80' lang='lat' dir='ltr'><strong>et</strong></span> <span class='ocrx_word' id='word_1_43' title='bbox 1618 553 1719 589; x_wconf 81' lang='lat' dir='ltr'><strong>varii</strong></span> 
     </span>
     <span class='ocr_line' id='line_1_7' title="bbox 306 608 1722 656; baseline -0.001 -11"><span class='ocrx_word' id='word_1_44' title='bbox 306 610 414 645; x_wconf 85' lang='lat' dir='ltr'><strong>varie</strong></span> <span class='ocrx_word' id='word_1_45' title='bbox 445 620 466 644; x_wconf 84' lang='lat' dir='ltr'><strong>e</strong></span> <span class='ocrx_word' id='word_1_46' title='bbox 496 608 698 645; x_wconf 79' lang='lat' dir='ltr'><strong>Platonico</strong></span> <span class='ocrx_word' id='word_1_47' title='bbox 727 609 906 653; x_wconf 87' lang='lat' dir='ltr'><strong>exemplo</strong></span> <span class='ocrx_word' id='word_1_48' title='bbox 934 608 1144 643; x_wconf 84' lang='lat' dir='ltr'><strong>simulacra</strong></span> <span class='ocrx_word' id='word_1_49' title='bbox 1166 611 1456 656; x_wconf 77' lang='lat' dir='ltr'><strong>expresserunt,</strong></span> <span class='ocrx_word' id='word_1_50' title='bbox 1487 609 1622 644; x_wconf 82' lang='lat' dir='ltr'><strong>ordine</strong></span> <span class='ocrx_word' id='word_1_51' title='bbox 1652 619 1722 643; x_wconf 87' lang='lat' dir='ltr'><strong>re-</strong></span> 
     </span>
     <span class='ocr_line' id='line_1_8' title="bbox 306 663 1724 710; baseline -0.001 -9"><span class='ocrx_word' id='word_1_52' title='bbox 306 668 518 702; x_wconf 83' lang='lat' dir='ltr'><strong>censentur</strong></span> <span class='ocrx_word' id='word_1_53' title='bbox 555 664 799 710; x_wconf 78' lang='lat' dir='ltr'><strong>Scriptores:</strong></span> <span class='ocrx_word' id='word_1_54' title='bbox 842 674 941 709; x_wconf 84' lang='lat' dir='ltr'><strong>quae</strong></span> <span class='ocrx_word' id='word_1_55' title='bbox 971 674 1033 699; x_wconf 87' lang='lat' dir='ltr'><strong>res</strong></span> <span class='ocrx_word' id='word_1_56' title='bbox 1066 675 1143 699; x_wconf 89' lang='lat' dir='ltr'><strong>una</strong></span> <span class='ocrx_word' id='word_1_57' title='bbox 1172 664 1210 699; x_wconf 89' lang='lat' dir='ltr'><strong>in</strong></span> <span class='ocrx_word' id='word_1_58' title='bbox 1255 665 1389 710; x_wconf 81' lang='lat' dir='ltr'><strong>primis</strong></span> <span class='ocrx_word' id='word_1_59' title='bbox 1419 664 1626 700; x_wconf 82' lang='lat' dir='ltr'><strong>iucundam</strong></span> <span class='ocrx_word' id='word_1_60' title='bbox 1657 663 1724 699; x_wconf 83' lang='lat' dir='ltr'><strong>le-</strong></span> 
     </span>
     <span class='ocr_line' id='line_1_9' title="bbox 306 719 1723 768; baseline -0.001 -12"><span class='ocrx_word' id='word_1_61' title='bbox 306 720 417 768; x_wconf 87' lang='lat' dir='ltr'><strong>genti</strong></span> <span class='ocrx_word' id='word_1_62' title='bbox 449 721 565 756; x_wconf 83' lang='lat' dir='ltr'><strong>habet</strong></span> <span class='ocrx_word' id='word_1_63' title='bbox 593 720 869 767; x_wconf 82' lang='lat' dir='ltr'><strong>cognitionem,</strong></span> <span class='ocrx_word' id='word_1_64' title='bbox 900 730 950 754; x_wconf 78' lang='lat' dir='ltr'><strong>ex</strong></span> <span class='ocrx_word' id='word_1_65' title='bbox 980 720 1065 753; x_wconf 87' lang='lat' dir='ltr'><strong>loco</strong></span> <span class='ocrx_word' id='word_1_66' title='bbox 1105 720 1302 755; x_wconf 85' lang='lat' dir='ltr'><strong>Platonico</strong></span> <span class='ocrx_word' id='word_1_67' title='bbox 1341 720 1464 755; x_wconf 88' lang='lat' dir='ltr'><strong>veluti</strong></span> <span class='ocrx_word' id='word_1_68' title='bbox 1502 719 1723 766; x_wconf 77' lang='lat' dir='ltr'><strong>sapientiae</strong></span> 
     </span>
     <span class='ocr_line' id='line_1_10' title="bbox 307 774 1725 822; baseline -0.001 -10"><span class='ocrx_word' id='word_1_69' title='bbox 307 787 398 812; x_wconf 57' lang='lat' dir='ltr'><strong>arte</strong></span> <span class='ocrx_word' id='word_1_70' title='bbox 428 776 685 822; x_wconf 76' lang='lat' dir='ltr'><strong>conspicienti</strong></span> <span class='ocrx_word' id='word_1_71' title='bbox 718 778 895 821; x_wconf 87' lang='lat' dir='ltr'><strong>posteros</strong></span> <span class='ocrx_word' id='word_1_72' title='bbox 926 776 1147 819; x_wconf 82' lang='lat' dir='ltr'><strong>Scriptores</strong></span> <span class='ocrx_word' id='word_1_73' title='bbox 1185 774 1233 808; x_wconf 84' lang='lat' dir='ltr'><strong>ad</strong></span> <span class='ocrx_word' id='word_1_74' title='bbox 1264 775 1437 809; x_wconf 86' lang='lat' dir='ltr'><strong>eamdem</strong></span> <span class='ocrx_word' id='word_1_75' title='bbox 1468 786 1597 811; x_wconf 84' lang='lat' dir='ltr'><strong>arcem</strong></span> <span class='ocrx_word' id='word_1_76' title='bbox 1629 785 1725 821; x_wconf 80' lang='lat' dir='ltr'><strong>par-</strong></span> 
     </span>
     <span class='ocr_line' id='line_1_11' title="bbox 306 829 1722 874; baseline -0.002 -6"><span class='ocrx_word' id='word_1_77' title='bbox 306 833 374 868; x_wconf 85' lang='lat' dir='ltr'><strong>tim</strong></span> <span class='ocrx_word' id='word_1_78' title='bbox 415 833 629 872; x_wconf 80' lang='lat' dir='ltr'><strong>enitentes,</strong></span> <span class='ocrx_word' id='word_1_79' title='bbox 669 830 808 873; x_wconf 86' lang='lat' dir='ltr'><strong>partim</strong></span> <span class='ocrx_word' id='word_1_80' title='bbox 839 829 1063 864; x_wconf 85' lang='lat' dir='ltr'><strong>evolantes:</strong></span> <span class='ocrx_word' id='word_1_81' title='bbox 1105 839 1264 874; x_wconf 82' lang='lat' dir='ltr'><strong>quorum</strong></span> <span class='ocrx_word' id='word_1_82' title='bbox 1303 833 1340 865; x_wconf 85' lang='lat' dir='ltr'><strong>et</strong></span> <span class='ocrx_word' id='word_1_83' title='bbox 1371 829 1535 865; x_wconf 89' lang='lat' dir='ltr'><strong>invicem</strong></span> <span class='ocrx_word' id='word_1_84' title='bbox 1569 833 1606 865; x_wconf 83' lang='lat' dir='ltr'><strong>et</strong></span> <span class='ocrx_word' id='word_1_85' title='bbox 1637 841 1722 866; x_wconf 90' lang='lat' dir='ltr'><strong>cum</strong></span> 
     </span>
     <span class='ocr_line' id='line_1_12' title="bbox 306 885 1722 933; baseline 0.001 -13"><span class='ocrx_word' id='word_1_86' title='bbox 306 888 470 922; x_wconf 82' lang='lat' dir='ltr'><strong>Platone</strong></span> <span class='ocrx_word' id='word_1_87' title='bbox 500 886 810 933; x_wconf 78' lang='lat' dir='ltr'><strong>comparatione,</strong></span> <span class='ocrx_word' id='word_1_88' title='bbox 849 885 1005 930; x_wconf 87' lang='lat' dir='ltr'><strong>plurimi</strong></span> <span class='ocrx_word' id='word_1_89' title='bbox 1047 887 1084 920; x_wconf 83' lang='lat' dir='ltr'><strong>et</strong></span> <span class='ocrx_word' id='word_1_90' title='bbox 1116 885 1232 920; x_wconf 88' lang='lat' dir='ltr'><strong>huius</strong></span> <span class='ocrx_word' id='word_1_91' title='bbox 1264 888 1302 920; x_wconf 84' lang='lat' dir='ltr'><strong>et</strong></span> <span class='ocrx_word' id='word_1_92' title='bbox 1331 886 1483 920; x_wconf 88' lang='lat' dir='ltr'><strong>illorum</strong></span> <span class='ocrx_word' id='word_1_93' title='bbox 1515 886 1592 921; x_wconf 88' lang='lat' dir='ltr'><strong>loci</strong></span> <span class='ocrx_word' id='word_1_94' title='bbox 1624 886 1722 921; x_wconf 89' lang='lat' dir='ltr'><strong>illu-</strong></span> 
     </span>
     <span class='ocr_line' id='line_1_13' title="bbox 308 941 1723 979; baseline -0.001 -1"><span class='ocrx_word' id='word_1_95' title='bbox 308 946 482 979; x_wconf 81' lang='lat' dir='ltr'><strong>strantur</strong></span> <span class='ocrx_word' id='word_1_96' title='bbox 513 945 551 977; x_wconf 87' lang='lat' dir='ltr'><strong>et</strong></span> <span class='ocrx_word' id='word_1_97' title='bbox 581 941 856 976; x_wconf 79' lang='lat' dir='ltr'><strong>emendantur:</strong></span> <span class='ocrx_word' id='word_1_98' title='bbox 890 941 1021 976; x_wconf 87' lang='lat' dir='ltr'><strong>nullus</strong></span> <span class='ocrx_word' id='word_1_99' title='bbox 1052 950 1126 975; x_wconf 89' lang='lat' dir='ltr'><strong>non</strong></span> <span class='ocrx_word' id='word_1_100' title='bbox 1160 951 1215 976; x_wconf 50' lang='lat' dir='ltr'><strong>exs</strong></span> <span class='ocrx_word' id='word_1_101' title='bbox 1240 943 1322 976; x_wconf 83' lang='lat' dir='ltr'><strong>tota</strong></span> <span class='ocrx_word' id='word_1_102' title='bbox 1362 941 1513 976; x_wconf 75' lang='lat' dir='ltr'><strong>Graeca</strong></span> <span class='ocrx_word' id='word_1_103' title='bbox 1555 941 1723 976; x_wconf 82' lang='lat' dir='ltr'><strong>Latina-</strong></span> 
     </span>
     <span class='ocr_line' id='line_1_14' title="bbox 309 997 1725 1044; baseline -0.002 -10"><span class='ocrx_word' id='word_1_104' title='bbox 309 1009 384 1044; x_wconf 88' lang='lat' dir='ltr'><strong>que</strong></span> <span class='ocrx_word' id='word_1_105' title='bbox 414 997 646 1043; x_wconf 80' lang='lat' dir='ltr'><strong>antiquitate</strong></span> <span class='ocrx_word' id='word_1_106' title='bbox 666 997 842 1041; x_wconf 87' lang='lat' dir='ltr'><strong>Scriptor</strong></span> <span class='ocrx_word' id='word_1_107' title='bbox 871 1000 1149 1041; x_wconf 77' lang='lat' dir='ltr'><strong>pertractatus,</strong></span> <span class='ocrx_word' id='word_1_108' title='bbox 1180 997 1315 1037; x_wconf 63' lang='lat' dir='ltr'><strong>nullus,</strong></span> <span class='ocrx_word' id='word_1_109' title='bbox 1342 1007 1415 1032; x_wconf 91' lang='lat' dir='ltr'><strong>non</strong></span> <span class='ocrx_word' id='word_1_110' title='bbox 1448 997 1643 1032; x_wconf 89' lang='lat' dir='ltr'><strong>recentior</strong></span> <span class='ocrx_word' id='word_1_111' title='bbox 1674 997 1725 1031; x_wconf 84' lang='lat' dir='ltr'><strong>de</strong></span> 
     </span>
     <span class='ocr_line' id='line_1_15' title="bbox 308 1052 1725 1099; baseline -0.001 -10"><span class='ocrx_word' id='word_1_112' title='bbox 308 1055 371 1090; x_wconf 87' lang='lat' dir='ltr'><strong>his</strong></span> <span class='ocrx_word' id='word_1_113' title='bbox 411 1054 557 1090; x_wconf 83' lang='lat' dir='ltr'><strong>Literis</strong></span> <span class='ocrx_word' id='word_1_114' title='bbox 598 1053 808 1098; x_wconf 86' lang='lat' dir='ltr'><strong>probabilis</strong></span> <span class='ocrx_word' id='word_1_115' title='bbox 850 1052 1002 1097; x_wconf 85' lang='lat' dir='ltr'><strong>quidem</strong></span> <span class='ocrx_word' id='word_1_116' title='bbox 1057 1052 1217 1086; x_wconf 84' lang='lat' dir='ltr'><strong>criticus</strong></span> <span class='ocrx_word' id='word_1_117' title='bbox 1257 1052 1355 1087; x_wconf 89' lang='lat' dir='ltr'><strong>liber</strong></span> <span class='ocrx_word' id='word_1_118' title='bbox 1395 1053 1617 1099; x_wconf 86' lang='lat' dir='ltr'><strong>perlectus,</strong></span> <span class='ocrx_word' id='word_1_119' title='bbox 1651 1063 1725 1088; x_wconf 82' lang='lat' dir='ltr'><strong>suo</strong></span> 
     </span>
     <span class='ocr_line' id='line_1_16' title="bbox 250 1107 1727 1155; baseline -0.001 -10"><span class='ocrx_word' id='word_1_120' title='bbox 250 1110 480 1155; x_wconf 64' lang='lat' dir='ltr'><strong>esquisque</strong></span> <span class='ocrx_word' id='word_1_121' title='bbox 509 1109 595 1143; x_wconf 89' lang='lat' dir='ltr'><strong>loco</strong></span> <span class='ocrx_word' id='word_1_122' title='bbox 627 1111 843 1153; x_wconf 84' lang='lat' dir='ltr'><strong>opportune</strong></span> <span class='ocrx_word' id='word_1_123' title='bbox 874 1111 1128 1142; x_wconf 82' lang='lat' dir='ltr'><strong>memoratur:</strong></span> <span class='ocrx_word' id='word_1_124' title='bbox 1158 1107 1324 1142; x_wconf 84' lang='lat' dir='ltr'><strong>subinde</strong></span> <span class='ocrx_word' id='word_1_125' title='bbox 1345 1107 1577 1143; x_wconf 84' lang='lat' dir='ltr'><strong>ineditorum</strong></span> <span class='ocrx_word' id='word_1_126' title='bbox 1608 1111 1727 1143; x_wconf 79' lang='lat' dir='ltr'><strong>vete-</strong></span> 
     </span>
     <span class='ocr_line' id='line_1_17' title="bbox 308 1163 1724 1208; baseline -0.002 -6"><span class='ocrx_word' id='word_1_127' title='bbox 308 1176 391 1202; x_wconf 88' lang='lat' dir='ltr'><strong>rum</strong></span> <span class='ocrx_word' id='word_1_128' title='bbox 424 1164 767 1201; x_wconf 84' lang='lat' dir='ltr'><strong>Grammaticorum</strong></span> <span class='ocrx_word' id='word_1_129' title='bbox 800 1166 1045 1208; x_wconf 80' lang='lat' dir='ltr'><strong>praestantes</strong></span> <span class='ocrx_word' id='word_1_130' title='bbox 1076 1164 1272 1207; x_wconf 79' lang='lat' dir='ltr'><strong>exquisita</strong></span> <span class='ocrx_word' id='word_1_131' title='bbox 1304 1163 1481 1199; x_wconf 86' lang='lat' dir='ltr'><strong>doctrina</strong></span> <span class='ocrx_word' id='word_1_132' title='bbox 1501 1166 1616 1199; x_wconf 88' lang='lat' dir='ltr'><strong>notae</strong></span> <span class='ocrx_word' id='word_1_133' title='bbox 1648 1174 1724 1199; x_wconf 83' lang='lat' dir='ltr'><strong>ex-</strong></span> 
     </span>
     <span class='ocr_line' id='line_1_18' title="bbox 308 1218 1725 1268; baseline -0.001 -12"><span class='ocrx_word' id='word_1_134' title='bbox 308 1224 555 1268; x_wconf 87' lang='lat' dir='ltr'><strong>promuntur:</strong></span> <span class='ocrx_word' id='word_1_135' title='bbox 594 1223 653 1254; x_wconf 88' lang='lat' dir='ltr'><strong>est</strong></span> <span class='ocrx_word' id='word_1_136' title='bbox 691 1219 806 1254; x_wconf 86' lang='lat' dir='ltr'><strong>etiam</strong></span> <span class='ocrx_word' id='word_1_137' title='bbox 846 1219 911 1254; x_wconf 92' lang='lat' dir='ltr'><strong>ubi</strong></span> <span class='ocrx_word' id='word_1_138' title='bbox 952 1218 997 1252; x_wconf 87' lang='lat' dir='ltr'><strong>ad</strong></span> <span class='ocrx_word' id='word_1_139' title='bbox 1042 1218 1170 1254; x_wconf 90' lang='lat' dir='ltr'><strong>simile</strong></span> <span class='ocrx_word' id='word_1_140' title='bbox 1210 1223 1480 1265; x_wconf 80' lang='lat' dir='ltr'><strong>argumentum</strong></span> <span class='ocrx_word' id='word_1_141' title='bbox 1523 1220 1725 1266; x_wconf 50' lang='lat' dir='ltr'><strong>digressio¹</strong></span> 
     </span>
     <span class='ocr_line' id='line_1_19' title="bbox 306 1275 1726 1321; baseline -0.004 -8"><span class='ocrx_word' id='word_1_142' title='bbox 306 1279 361 1321; x_wconf 87' lang='lat' dir='ltr'><strong>fit,</strong></span> <span class='ocrx_word' id='word_1_143' title='bbox 393 1287 468 1312; x_wconf 91' lang='lat' dir='ltr'><strong>non</strong></span> <span class='ocrx_word' id='word_1_144' title='bbox 498 1276 566 1311; x_wconf 86' lang='lat' dir='ltr'><strong>illa</strong></span> <span class='ocrx_word' id='word_1_145' title='bbox 595 1275 774 1320; x_wconf 85' lang='lat' dir='ltr'><strong>quaesita</strong></span> <span class='ocrx_word' id='word_1_146' title='bbox 805 1277 843 1309; x_wconf 90' lang='lat' dir='ltr'><strong>et</strong></span> <span class='ocrx_word' id='word_1_147' title='bbox 873 1277 1050 1320; x_wconf 87' lang='lat' dir='ltr'><strong>captata,</strong></span> <span class='ocrx_word' id='word_1_148' title='bbox 1088 1275 1155 1309; x_wconf 86' lang='lat' dir='ltr'><strong>sed</strong></span> <span class='ocrx_word' id='word_1_149' title='bbox 1198 1275 1298 1310; x_wconf 90' lang='lat' dir='ltr'><strong>ultro</strong></span> <span class='ocrx_word' id='word_1_150' title='bbox 1329 1285 1376 1310; x_wconf 86' lang='lat' dir='ltr'><strong>ac</strong></span> <span class='ocrx_word' id='word_1_151' title='bbox 1405 1279 1543 1320; x_wconf 90' lang='lat' dir='ltr'><strong>sponte</strong></span> <span class='ocrx_word' id='word_1_152' title='bbox 1574 1276 1726 1311; x_wconf 77' lang='lat' dir='ltr'><strong>oblata:</strong></span> 
     </span>
     <span class='ocr_line' id='line_1_20' title="bbox 308 1330 1723 1378; baseline -0.002 -9"><span class='ocrx_word' id='word_1_153' title='bbox 308 1333 450 1378; x_wconf 84' lang='lat' dir='ltr'><strong>ubique</strong></span> <span class='ocrx_word' id='word_1_154' title='bbox 481 1334 642 1377; x_wconf 85' lang='lat' dir='ltr'><strong>apparet</strong></span> <span class='ocrx_word' id='word_1_155' title='bbox 669 1330 823 1365; x_wconf 91' lang='lat' dir='ltr'><strong>animus</strong></span> <span class='ocrx_word' id='word_1_156' title='bbox 854 1331 1051 1376; x_wconf 83' lang='lat' dir='ltr'><strong>praesenti</strong></span> <span class='ocrx_word' id='word_1_157' title='bbox 1084 1330 1190 1375; x_wconf 89' lang='lat' dir='ltr'><strong>operi</strong></span> <span class='ocrx_word' id='word_1_158' title='bbox 1228 1331 1424 1377; x_wconf 77' lang='lat' dir='ltr'><strong>intentus,</strong></span> <span class='ocrx_word' id='word_1_159' title='bbox 1466 1332 1517 1366; x_wconf 92' lang='lat' dir='ltr'><strong>nil</strong></span> <span class='ocrx_word' id='word_1_160' title='bbox 1550 1331 1624 1366; x_wconf 86' lang='lat' dir='ltr'><strong>sibi</strong></span> <span class='ocrx_word' id='word_1_161' title='bbox 1656 1331 1723 1366; x_wconf 94' lang='lat' dir='ltr'><strong>in-</strong></span> 
     </span>
     <span class='ocr_line' id='line_1_21' title="bbox 308 1386 1726 1434; baseline -0.003 -8"><span class='ocrx_word' id='word_1_162' title='bbox 308 1388 571 1426; x_wconf 82' lang='lat' dir='ltr'><strong>termissionis</strong></span> <span class='ocrx_word' id='word_1_163' title='bbox 612 1387 659 1422; x_wconf 88' lang='lat' dir='ltr'><strong>ad</strong></span> <span class='ocrx_word' id='word_1_164' title='bbox 698 1386 918 1434; x_wconf 89' lang='lat' dir='ltr'><strong>vagandum</strong></span> <span class='ocrx_word' id='word_1_165' title='bbox 960 1387 1195 1433; x_wconf 82' lang='lat' dir='ltr'><strong>indulgens,</strong></span> <span class='ocrx_word' id='word_1_166' title='bbox 1237 1397 1421 1422; x_wconf 83' lang='lat' dir='ltr'><strong>summam</strong></span> <span class='ocrx_word' id='word_1_167' title='bbox 1462 1387 1648 1433; x_wconf 89' lang='lat' dir='ltr'><strong>temporis</strong></span> <span class='ocrx_word' id='word_1_168' title='bbox 1678 1397 1726 1422; x_wconf 82' lang='lat' dir='ltr'><strong>ac</strong></span> 
     </span>
     <span class='ocr_line' id='line_1_22' title="bbox 308 1442 1725 1490; baseline -0.002 -9"><span class='ocrx_word' id='word_1_169' title='bbox 308 1445 514 1482; x_wconf 81' lang='lat' dir='ltr'><strong>brevitatis</strong></span> <span class='ocrx_word' id='word_1_170' title='bbox 548 1442 735 1479; x_wconf 86' lang='lat' dir='ltr'><strong>rationem</strong></span> <span class='ocrx_word' id='word_1_171' title='bbox 767 1443 927 1480; x_wconf 75' lang='lat' dir='ltr'><strong>ducens.</strong></span> <span class='ocrx_word' id='word_1_172' title='bbox 986 1443 1116 1490; x_wconf 87' lang='lat' dir='ltr'><strong>Igitur</strong></span> <span class='ocrx_word' id='word_1_173' title='bbox 1146 1443 1197 1477; x_wconf 89' lang='lat' dir='ltr'><strong>nil</strong></span> <span class='ocrx_word' id='word_1_174' title='bbox 1231 1444 1305 1478; x_wconf 86' lang='lat' dir='ltr'><strong>nisi</strong></span> <span class='ocrx_word' id='word_1_175' title='bbox 1337 1454 1478 1478; x_wconf 87' lang='lat' dir='ltr'><strong>novum</strong></span> <span class='ocrx_word' id='word_1_176' title='bbox 1509 1447 1548 1479; x_wconf 89' lang='lat' dir='ltr'><strong>et</strong></span> <span class='ocrx_word' id='word_1_177' title='bbox 1581 1443 1725 1478; x_wconf 88' lang='lat' dir='ltr'><strong>nemini</strong></span> 
     </span>
     <span class='ocr_line' id='line_1_23' title="bbox 309 1498 1726 1545; baseline -0.002 -9"><span class='ocrx_word' id='word_1_178' title='bbox 309 1505 425 1537; x_wconf 82' lang='lat' dir='ltr'><strong>antea</strong></span> <span class='ocrx_word' id='word_1_179' title='bbox 466 1501 609 1535; x_wconf 84' lang='lat' dir='ltr'><strong>dictum</strong></span> <span class='ocrx_word' id='word_1_180' title='bbox 651 1500 870 1545; x_wconf 84' lang='lat' dir='ltr'><strong>profertur:</strong></span> <span class='ocrx_word' id='word_1_181' title='bbox 910 1498 944 1533; x_wconf 87' lang='lat' dir='ltr'><strong>si</strong></span> <span class='ocrx_word' id='word_1_182' title='bbox 976 1499 1065 1544; x_wconf 86' lang='lat' dir='ltr'><strong>quid</strong></span> <span class='ocrx_word' id='word_1_183' title='bbox 1099 1509 1250 1544; x_wconf 88' lang='lat' dir='ltr'><strong>eorum,</strong></span> <span class='ocrx_word' id='word_1_184' title='bbox 1280 1509 1379 1544; x_wconf 90' lang='lat' dir='ltr'><strong>quae</strong></span> <span class='ocrx_word' id='word_1_185' title='bbox 1410 1499 1457 1533; x_wconf 90' lang='lat' dir='ltr'><strong>ad</strong></span> <span class='ocrx_word' id='word_1_186' title='bbox 1489 1510 1567 1534; x_wconf 88' lang='lat' dir='ltr'><strong>rem</strong></span> <span class='ocrx_word' id='word_1_187' title='bbox 1599 1499 1726 1544; x_wconf 85' lang='lat' dir='ltr'><strong>perti-</strong></span> 
     </span>
     <span class='ocr_line' id='line_1_24' title="bbox 310 1554 1725 1600; baseline -0.002 -8"><span class='ocrx_word' id='word_1_188' title='bbox 310 1560 458 1600; x_wconf 89' lang='lat' dir='ltr'><strong>nerent,</strong></span> <span class='ocrx_word' id='word_1_189' title='bbox 490 1557 564 1592; x_wconf 87' lang='lat' dir='ltr'><strong>iam</strong></span> <span class='ocrx_word' id='word_1_190' title='bbox 595 1556 642 1591; x_wconf 84' lang='lat' dir='ltr'><strong>ab</strong></span> <span class='ocrx_word' id='word_1_191' title='bbox 674 1554 763 1590; x_wconf 85' lang='lat' dir='ltr'><strong>aliis</strong></span> <span class='ocrx_word' id='word_1_192' title='bbox 793 1556 1052 1590; x_wconf 88' lang='lat' dir='ltr'><strong>recentiorum</strong></span> <span class='ocrx_word' id='word_1_193' title='bbox 1085 1554 1281 1590; x_wconf 82' lang='lat' dir='ltr'><strong>hominum</strong></span> <span class='ocrx_word' id='word_1_194' title='bbox 1313 1555 1513 1591; x_wconf 88' lang='lat' dir='ltr'><strong>doctorum</strong></span> <span class='ocrx_word' id='word_1_195' title='bbox 1543 1555 1725 1590; x_wconf 84' lang='lat' dir='ltr'><strong>animad-</strong></span> 
     </span>
     <span class='ocr_line' id='line_1_25' title="bbox 310 1610 1723 1657; baseline -0.001 -9"><span class='ocrx_word' id='word_1_196' title='bbox 310 1622 465 1648; x_wconf 87' lang='lat' dir='ltr'><strong>versum</strong></span> <span class='ocrx_word' id='word_1_197' title='bbox 505 1611 775 1657; x_wconf 83' lang='lat' dir='ltr'><strong>proditumque</strong></span> <span class='ocrx_word' id='word_1_198' title='bbox 814 1614 941 1654; x_wconf 84' lang='lat' dir='ltr'><strong>esset,</strong></span> <span class='ocrx_word' id='word_1_199' title='bbox 975 1610 1223 1656; x_wconf 84' lang='lat' dir='ltr'><strong>paucissimis</strong></span> <span class='ocrx_word' id='word_1_200' title='bbox 1256 1612 1399 1657; x_wconf 80' lang='lat' dir='ltr'><strong>verbis,</strong></span> <span class='ocrx_word' id='word_1_201' title='bbox 1432 1621 1505 1646; x_wconf 91' lang='lat' dir='ltr'><strong>non</strong></span> <span class='ocrx_word' id='word_1_202' title='bbox 1539 1611 1614 1646; x_wconf 82' lang='lat' dir='ltr'><strong>nisi</strong></span> <span class='ocrx_word' id='word_1_203' title='bbox 1647 1620 1723 1646; x_wconf 81' lang='lat' dir='ltr'><strong>no-</strong></span> 
     </span>
     <span class='ocr_line' id='line_1_26' title="bbox 309 1666 1728 1713; baseline -0.001 -10"><span class='ocrx_word' id='word_1_204' title='bbox 309 1669 454 1704; x_wconf 87' lang='lat' dir='ltr'><strong>minato</strong></span> <span class='ocrx_word' id='word_1_205' title='bbox 485 1667 657 1701; x_wconf 87' lang='lat' dir='ltr'><strong>auctoris</strong></span> <span class='ocrx_word' id='word_1_206' title='bbox 689 1666 855 1712; x_wconf 87' lang='lat' dir='ltr'><strong>nomine,</strong></span> <span class='ocrx_word' id='word_1_207' title='bbox 886 1666 1187 1713; x_wconf 65' lang='lat' dir='ltr'><strong>significantque</strong></span> <span class='ocrx_word' id='word_1_208' title='bbox 1217 1666 1305 1701; x_wconf 89' lang='lat' dir='ltr'><strong>libri</strong></span> <span class='ocrx_word' id='word_1_209' title='bbox 1338 1667 1503 1713; x_wconf 85' lang='lat' dir='ltr'><strong>pagina,</strong></span> <span class='ocrx_word' id='word_1_210' title='bbox 1535 1668 1728 1706; x_wconf 84' lang='lat' dir='ltr'><strong>monetur.</strong></span> 
     </span>
     <span class='ocr_line' id='line_1_27' title="bbox 311 1722 1727 1769; baseline -0.003 -9"><span class='ocrx_word' id='word_1_211' title='bbox 311 1726 372 1760; x_wconf 85' lang='lat' dir='ltr'><strong>lta</strong></span> <span class='ocrx_word' id='word_1_212' title='bbox 403 1724 604 1758; x_wconf 85' lang='lat' dir='ltr'><strong>doctrinae</strong></span> <span class='ocrx_word' id='word_1_213' title='bbox 635 1722 828 1757; x_wconf 88' lang='lat' dir='ltr'><strong>severitas</strong></span> <span class='ocrx_word' id='word_1_214' title='bbox 860 1725 1097 1767; x_wconf 88' lang='lat' dir='ltr'><strong>temperatur</strong></span> <span class='ocrx_word' id='word_1_215' title='bbox 1126 1722 1324 1757; x_wconf 88' lang='lat' dir='ltr'><strong>suavitate</strong></span> <span class='ocrx_word' id='word_1_216' title='bbox 1354 1722 1542 1769; x_wconf 78' lang='lat' dir='ltr'><strong>rationis,</strong></span> <span class='ocrx_word' id='word_1_217' title='bbox 1574 1725 1616 1758; x_wconf 83' lang='lat' dir='ltr'><strong>ut</strong></span> <span class='ocrx_word' id='word_1_218' title='bbox 1647 1722 1727 1756; x_wconf 85' lang='lat' dir='ltr'><strong>du-</strong></span> 
     </span>
     <span class='ocr_line' id='line_1_28' title="bbox 311 1773 1739 1821; baseline -0.002 -6"><span class='ocrx_word' id='word_1_219' title='bbox 311 1779 416 1815; x_wconf 86' lang='lat' dir='ltr'><strong>bites</strong></span> <span class='ocrx_word' id='word_1_220' title='bbox 456 1778 776 1813; x_wconf 86' lang='lat' dir='ltr'><strong>iucundioremne</strong></span> <span class='ocrx_word' id='word_1_221' title='bbox 813 1788 861 1811; x_wconf 85' lang='lat' dir='ltr'><strong>an</strong></span> <span class='ocrx_word' id='word_1_222' title='bbox 905 1773 1206 1812; x_wconf 75' lang='lat' dir='ltr'><strong>fructuosiorem</strong></span> <span class='ocrx_word' id='word_1_223' title='bbox 1238 1777 1324 1811; x_wconf 91' lang='lat' dir='ltr'><strong>libri</strong></span> <span class='ocrx_word' id='word_1_224' title='bbox 1355 1778 1561 1813; x_wconf 88' lang='lat' dir='ltr'><strong>lectionem</strong></span> <span class='ocrx_word' id='word_1_225' title='bbox 1594 1778 1739 1821; x_wconf 44' lang='lat' dir='ltr'><strong>dieasq</strong></span> 
     </span>
     <span class='ocr_line' id='line_1_29' title="bbox 312 1833 1727 1877; baseline -0.002 -6"><span class='ocrx_word' id='word_1_226' title='bbox 312 1835 368 1872; x_wconf 86' lang='lat' dir='ltr'><strong>ita</strong></span> <span class='ocrx_word' id='word_1_227' title='bbox 397 1834 534 1869; x_wconf 82' lang='lat' dir='ltr'><strong>modus</strong></span> <span class='ocrx_word' id='word_1_228' title='bbox 565 1843 651 1868; x_wconf 90' lang='lat' dir='ltr'><strong>cum</strong></span> <span class='ocrx_word' id='word_1_229' title='bbox 684 1833 795 1877; x_wconf 83' lang='lat' dir='ltr'><strong>eopia</strong></span> <span class='ocrx_word' id='word_1_230' title='bbox 826 1833 1089 1876; x_wconf 84' lang='lat' dir='ltr'><strong>componitur,</strong></span> <span class='ocrx_word' id='word_1_231' title='bbox 1133 1836 1174 1867; x_wconf 86' lang='lat' dir='ltr'><strong>ut</strong></span> <span class='ocrx_word' id='word_1_232' title='bbox 1215 1843 1290 1867; x_wconf 86' lang='lat' dir='ltr'><strong>non</strong></span> <span class='ocrx_word' id='word_1_233' title='bbox 1332 1833 1486 1868; x_wconf 83' lang='lat' dir='ltr'><strong>dubites</strong></span> <span class='ocrx_word' id='word_1_234' title='bbox 1517 1834 1727 1877; x_wconf 80' lang='lat' dir='ltr'><strong>assu-mare,</strong></span> 
     </span>
     <span class='ocr_line' id='line_1_30' title="bbox 314 1887 1727 1940; baseline -0.001 -14"><span class='ocrx_word' id='word_1_235' title='bbox 314 1890 460 1927; x_wconf 88' lang='lat' dir='ltr'><strong>nullum</strong></span> <span class='ocrx_word' id='word_1_236' title='bbox 501 1900 591 1925; x_wconf 88' lang='lat' dir='ltr'><strong>esse</strong></span> <span class='ocrx_word' id='word_1_237' title='bbox 629 1899 808 1940; x_wconf 68' lang='lat' dir='ltr'><strong>umquam</strong></span> <span class='ocrx_word' id='word_1_238' title='bbox 852 1887 924 1922; x_wconf 84' lang='lat' dir='ltr'><strong>hoc</strong></span> <span class='ocrx_word' id='word_1_239' title='bbox 966 1888 1004 1924; x_wconf 88' lang='lat' dir='ltr'><strong>in</strong></span> <span class='ocrx_word' id='word_1_240' title='bbox 1044 1898 1192 1935; x_wconf 84' lang='lat' dir='ltr'><strong>genere</strong></span> <span class='ocrx_word' id='word_1_241' title='bbox 1230 1889 1420 1934; x_wconf 86' lang='lat' dir='ltr'><strong>scriptum</strong></span> <span class='ocrx_word' id='word_1_242' title='bbox 1464 1889 1628 1935; x_wconf 90' lang='lat' dir='ltr'><strong>librum,</strong></span> <span class='ocrx_word' id='word_1_243' title='bbox 1660 1889 1727 1934; x_wconf 87' lang='lat' dir='ltr'><strong>qui</strong></span> 
     </span>
     <span class='ocr_line' id='line_1_31' title="bbox 312 1944 1728 1990; baseline -0.001 -8"><span class='ocrx_word' id='word_1_244' title='bbox 312 1949 420 1983; x_wconf 79' lang='lat' dir='ltr'><strong>tanta</strong></span> <span class='ocrx_word' id='word_1_245' title='bbox 457 1945 495 1980; x_wconf 88' lang='lat' dir='ltr'><strong>in</strong></span> <span class='ocrx_word' id='word_1_246' title='bbox 534 1945 730 1980; x_wconf 88' lang='lat' dir='ltr'><strong>brevitate</strong></span> <span class='ocrx_word' id='word_1_247' title='bbox 770 1947 913 1978; x_wconf 87' lang='lat' dir='ltr'><strong>tantam</strong></span> <span class='ocrx_word' id='word_1_248' title='bbox 953 1944 1374 1989; x_wconf 83' lang='lat' dir='ltr'><strong>praestantissimarum</strong></span> <span class='ocrx_word' id='word_1_249' title='bbox 1417 1955 1543 1980; x_wconf 85' lang='lat' dir='ltr'><strong>rerum</strong></span> <span class='ocrx_word' id='word_1_250' title='bbox 1574 1945 1728 1990; x_wconf 83' lang='lat' dir='ltr'><strong>copiam</strong></span> 
     </span>
     <span class='ocr_line' id='line_1_32' title="bbox 312 2000 1727 2047; baseline -0.002 -9"><span class='ocrx_word' id='word_1_251' title='bbox 312 2002 649 2047; x_wconf 86' lang='lat' dir='ltr'><strong>complecteretur.</strong></span> <span class='ocrx_word' id='word_1_252' title='bbox 708 2001 792 2035; x_wconf 85' lang='lat' dir='ltr'><strong>Hoc</strong></span> <span class='ocrx_word' id='word_1_253' title='bbox 822 2000 948 2044; x_wconf 88' lang='lat' dir='ltr'><strong>ipsum</strong></span> <span class='ocrx_word' id='word_1_254' title='bbox 974 2000 1182 2044; x_wconf 85' lang='lat' dir='ltr'><strong>aliquando</strong></span> <span class='ocrx_word' id='word_1_255' title='bbox 1213 2000 1345 2035; x_wconf 76' lang='lat' dir='ltr'><strong>(licere</strong></span> <span class='ocrx_word' id='word_1_256' title='bbox 1373 2011 1434 2035; x_wconf 91' lang='lat' dir='ltr'><strong>me</strong></span> <span class='ocrx_word' id='word_1_257' title='bbox 1460 2000 1616 2036; x_wconf 88' lang='lat' dir='ltr'><strong>memini</strong></span> <span class='ocrx_word' id='word_1_258' title='bbox 1637 2002 1727 2036; x_wconf 83' lang='lat' dir='ltr'><strong>Ku—</strong></span> 
     </span>
     <span class='ocr_line' id='line_1_33' title="bbox 314 2055 1728 2102; baseline -0.002 -8"><span class='ocrx_word' id='word_1_259' title='bbox 314 2057 556 2102; x_wconf 84' lang='lat' dir='ltr'><strong>lenkampio‚</strong></span> <span class='ocrx_word' id='word_1_260' title='bbox 597 2055 871 2101; x_wconf 84' lang='lat' dir='ltr'><strong>Goettingensi</strong></span> <span class='ocrx_word' id='word_1_261' title='bbox 913 2056 1158 2100; x_wconf 79' lang='lat' dir='ltr'><strong>Professori,</strong></span> <span class='ocrx_word' id='word_1_262' title='bbox 1210 2056 1323 2091; x_wconf 91' lang='lat' dir='ltr'><strong>docto</strong></span> <span class='ocrx_word' id='word_1_263' title='bbox 1370 2066 1466 2091; x_wconf 85' lang='lat' dir='ltr'><strong>sane</strong></span> <span class='ocrx_word' id='word_1_264' title='bbox 1507 2056 1650 2092; x_wconf 83' lang='lat' dir='ltr'><strong>homini</strong></span> <span class='ocrx_word' id='word_1_265' title='bbox 1690 2058 1728 2091; x_wconf 85' lang='lat' dir='ltr'><strong>et</strong></span> 
     </span>
     <span class='ocr_line' id='line_1_34' title="bbox 315 2109 1729 2158; baseline -0.003 -8"><span class='ocrx_word' id='word_1_266' title='bbox 315 2115 500 2150; x_wconf 87' lang='lat' dir='ltr'><strong>librorum</strong></span> <span class='ocrx_word' id='word_1_267' title='bbox 532 2111 834 2147; x_wconf 86' lang='lat' dir='ltr'><strong>callentissimo:</strong></span> <span class='ocrx_word' id='word_1_268' title='bbox 865 2109 954 2157; x_wconf 84' lang='lat' dir='ltr'><strong>qui,</strong></span> <span class='ocrx_word' id='word_1_269' title='bbox 993 2110 1047 2145; x_wconf 89' lang='lat' dir='ltr'><strong>Al</strong></span> <span class='ocrx_word' id='word_1_270' title='bbox 1073 2121 1226 2155; x_wconf 69' lang='lat' dir='ltr'><strong>patrus</strong></span> <span class='ocrx_word' id='word_1_271' title='bbox 1266 2115 1345 2157; x_wconf 73' lang='lat' dir='ltr'><strong>est,</strong></span> <span class='ocrx_word' id='word_1_272' title='bbox 1385 2112 1534 2158; x_wconf 85' lang='lat' dir='ltr'><strong>inquit,</strong></span> <span class='ocrx_word' id='word_1_273' title='bbox 1575 2112 1729 2148; x_wconf 79' lang='lat' dir='ltr'><strong>Timaei</strong></span> 
     </span>
     <span class='ocr_line' id='line_1_35' title="bbox 315 2165 1731 2216; baseline -0.001 -11"><span class='ocrx_word' id='word_1_274' title='bbox 315 2170 489 2206; x_wconf 76' lang='lat' dir='ltr'><strong>libellus:</strong></span> <span class='ocrx_word' id='word_1_275' title='bbox 521 2168 585 2203; x_wconf 88' lang='lat' dir='ltr'><strong>cui</strong></span> <span class='ocrx_word' id='word_1_276' title='bbox 616 2177 714 2214; x_wconf 79' lang='lat' dir='ltr'><strong>ego,</strong></span> <span class='ocrx_word' id='word_1_277' title='bbox 763 2165 911 2214; x_wconf 63' lang='lat' dir='ltr'><strong>Atqui,</strong></span> <span class='ocrx_word' id='word_1_278' title='bbox 948 2165 1126 2210; x_wconf 82' lang='lat' dir='ltr'><strong>inquam,</strong></span> <span class='ocrx_word' id='word_1_279' title='bbox 1165 2167 1201 2200; x_wconf 79' lang='lat' dir='ltr'><strong>si</strong></span> <span class='ocrx_word' id='word_1_280' title='bbox 1241 2168 1367 2202; x_wconf 81' lang='lat' dir='ltr'><strong>decies</strong></span> <span class='ocrx_word' id='word_1_281' title='bbox 1406 2169 1535 2208; x_wconf 83' lang='lat' dir='ltr'><strong>maior</strong></span> <span class='ocrx_word' id='word_1_282' title='bbox 1569 2166 1731 2216; x_wconf 76' lang='lat' dir='ltr'><strong>fuisset,</strong></span> 
     </span>
     <span class='ocr_line' id='line_1_36' title="bbox 315 2223 1729 2266; baseline -0.003 -5"><span class='ocrx_word' id='word_1_283' title='bbox 315 2225 556 2261; x_wconf 79' lang='lat' dir='ltr'><strong>Rulmkenio</strong></span> <span class='ocrx_word' id='word_1_284' title='bbox 583 2233 664 2258; x_wconf 70' lang='lat' dir='ltr'><strong>mon</strong></span> <span class='ocrx_word' id='word_1_285' title='bbox 695 2224 858 2257; x_wconf 78' lang='lat' dir='ltr'><strong>deerant</strong></span> <span class='ocrx_word' id='word_1_286' title='bbox 889 2223 1025 2266; x_wconf 77' lang='lat' dir='ltr'><strong>copiae</strong></span> <span class='ocrx_word' id='word_1_287' title='bbox 1062 2223 1115 2256; x_wconf 82' lang='lat' dir='ltr'><strong>ad</strong></span> <span class='ocrx_word' id='word_1_288' title='bbox 1143 2231 1233 2257; x_wconf 81' lang='lat' dir='ltr'><strong>eum</strong></span> <span class='ocrx_word' id='word_1_289' title='bbox 1262 2225 1397 2258; x_wconf 80' lang='lat' dir='ltr'><strong>eodem</strong></span> <span class='ocrx_word' id='word_1_290' title='bbox 1426 2225 1542 2259; x_wconf 82' lang='lat' dir='ltr'><strong>modo</strong></span> <span class='ocrx_word' id='word_1_291' title='bbox 1573 2232 1729 2258; x_wconf 80' lang='lat' dir='ltr'><strong>ornan-</strong></span> 
     </span>
     <span class='ocr_line' id='line_1_37' title="bbox 321 2277 1730 2328; baseline -0.001 -12"><span class='ocrx_word' id='word_1_292' title='bbox 321 2282 428 2317; x_wconf 79' lang='lat' dir='ltr'><strong>dum.</strong></span> <span class='ocrx_word' id='word_1_293' title='bbox 485 2282 537 2316; x_wconf 83' lang='lat' dir='ltr'><strong>Et</strong></span> <span class='ocrx_word' id='word_1_294' title='bbox 564 2280 637 2314; x_wconf 91' lang='lat' dir='ltr'><strong>hoc</strong></span> <span class='ocrx_word' id='word_1_295' title='bbox 667 2278 865 2324; x_wconf 87' lang='lat' dir='ltr'><strong>dicebam,</strong></span> <span class='ocrx_word' id='word_1_296' title='bbox 895 2277 1128 2313; x_wconf 79' lang='lat' dir='ltr'><strong>Rulinkenio</strong></span> <span class='ocrx_word' id='word_1_297' title='bbox 1171 2278 1299 2311; x_wconf 84' lang='lat' dir='ltr'><strong>adhuc</strong></span> <span class='ocrx_word' id='word_1_298' title='bbox 1337 2277 1519 2328; x_wconf 79' lang='lat' dir='ltr'><strong>ignotus,</strong></span> <span class='ocrx_word' id='word_1_299' title='bbox 1562 2278 1730 2314; x_wconf 87' lang='lat' dir='ltr'><strong>nondum</strong></span> 
     </span>
     <span class='ocr_line' id='line_1_38' title="bbox 251 2333 1727 2383; baseline -0.001 -12"><span class='ocrx_word' id='word_1_300' title='bbox 251 2341 503 2383; x_wconf 81' lang='lat' dir='ltr'><strong>59praesens</strong></span> <span class='ocrx_word' id='word_1_301' title='bbox 535 2338 780 2380; x_wconf 84' lang='lat' dir='ltr'><strong>praesentem</strong></span> <span class='ocrx_word' id='word_1_302' title='bbox 807 2343 1069 2380; x_wconf 89' lang='lat' dir='ltr'><strong>cognoscens.</strong></span> <span class='ocrx_word' id='word_1_303' title='bbox 1102 2333 1179 2369; x_wconf 88' lang='lat' dir='ltr'><strong>Sed</strong></span> <span class='ocrx_word' id='word_1_304' title='bbox 1210 2333 1303 2368; x_wconf 86' lang='lat' dir='ltr'><strong>item</strong></span> <span class='ocrx_word' id='word_1_305' title='bbox 1324 2334 1508 2377; x_wconf 86' lang='lat' dir='ltr'><strong>quosdam</strong></span> <span class='ocrx_word' id='word_1_306' title='bbox 1532 2334 1579 2369; x_wconf 86' lang='lat' dir='ltr'><strong>de</strong></span> <span class='ocrx_word' id='word_1_307' title='bbox 1601 2336 1727 2371; x_wconf 82' lang='lat' dir='ltr'><strong>Hem-</strong></span> 
     </span>
     <span class='ocr_line' id='line_1_39' title="bbox 318 2389 1730 2434; baseline -0.001 -7"><span class='ocrx_word' id='word_1_308' title='bbox 318 2391 516 2427; x_wconf 85' lang='lat' dir='ltr'><strong>sterhusio</strong></span> <span class='ocrx_word' id='word_1_309' title='bbox 547 2390 767 2426; x_wconf 87' lang='lat' dir='ltr'><strong>iudicantes</strong></span> <span class='ocrx_word' id='word_1_310' title='bbox 801 2389 934 2424; x_wconf 84' lang='lat' dir='ltr'><strong>audivi</strong></span> <span class='ocrx_word' id='word_1_311' title='bbox 966 2400 1052 2424; x_wconf 90' lang='lat' dir='ltr'><strong>cum</strong></span> <span class='ocrx_word' id='word_1_312' title='bbox 1084 2389 1281 2434; x_wconf 87' lang='lat' dir='ltr'><strong>dicerent,</strong></span> <span class='ocrx_word' id='word_1_313' title='bbox 1313 2399 1398 2424; x_wconf 88' lang='lat' dir='ltr'><strong>eum</strong></span> <span class='ocrx_word' id='word_1_314' title='bbox 1442 2390 1609 2425; x_wconf 85' lang='lat' dir='ltr'><strong>Luciani</strong></span> <span class='ocrx_word' id='word_1_315' title='bbox 1640 2390 1730 2425; x_wconf 87' lang='lat' dir='ltr'><strong>edi-</strong></span> 
     </span>
     <span class='ocr_line' id='line_1_40' title="bbox 317 2444 1729 2492; baseline -0.001 -9"><span class='ocrx_word' id='word_1_316' title='bbox 317 2448 461 2483; x_wconf 90' lang='lat' dir='ltr'><strong>tionem</strong></span> <span class='ocrx_word' id='word_1_317' title='bbox 492 2447 743 2492; x_wconf 85' lang='lat' dir='ltr'><strong>deposuisse,</strong></span> <span class='ocrx_word' id='word_1_318' title='bbox 774 2445 873 2491; x_wconf 89' lang='lat' dir='ltr'><strong>quod</strong></span> <span class='ocrx_word' id='word_1_319' title='bbox 906 2445 980 2480; x_wconf 88' lang='lat' dir='ltr'><strong>iam</strong></span> <span class='ocrx_word' id='word_1_320' title='bbox 1011 2456 1160 2481; x_wconf 89' lang='lat' dir='ltr'><strong>omnem</strong></span> <span class='ocrx_word' id='word_1_321' title='bbox 1190 2444 1567 2480; x_wconf 82' lang='lat' dir='ltr'><strong>animadversionum</strong></span> <span class='ocrx_word' id='word_1_322' title='bbox 1599 2449 1729 2482; x_wconf 85' lang='lat' dir='ltr'><strong>mate-</strong></span> 
     </span>
     <span class='ocr_line' id='line_1_41' title="bbox 316 2501 1730 2547; baseline -0.002 -8"><span class='ocrx_word' id='word_1_323' title='bbox 316 2504 412 2539; x_wconf 85' lang='lat' dir='ltr'><strong>riam</strong></span> <span class='ocrx_word' id='word_1_324' title='bbox 445 2502 741 2547; x_wconf 87' lang='lat' dir='ltr'><strong>consumsisset,</strong></span> <span class='ocrx_word' id='word_1_325' title='bbox 773 2512 844 2536; x_wconf 90' lang='lat' dir='ltr'><strong>nec</strong></span> <span class='ocrx_word' id='word_1_326' title='bbox 869 2501 1031 2536; x_wconf 87' lang='lat' dir='ltr'><strong>haberet</strong></span> <span class='ocrx_word' id='word_1_327' title='bbox 1053 2501 1154 2536; x_wconf 89' lang='lat' dir='ltr'><strong>unde</strong></span> <span class='ocrx_word' id='word_1_328' title='bbox 1175 2504 1351 2536; x_wconf 86' lang='lat' dir='ltr'><strong>caeteros</strong></span> <span class='ocrx_word' id='word_1_329' title='bbox 1373 2501 1585 2547; x_wconf 75' lang='lat' dir='ltr'><strong>scriptoris</strong></span> <span class='ocrx_word' id='word_1_330' title='bbox 1606 2501 1730 2537; x_wconf 82' lang='lat' dir='ltr'><strong>libros</strong></span> 
     </span>
     <span class='ocr_line' id='line_1_42' title="bbox 318 2556 1728 2605; baseline -0.001 -10"><span class='ocrx_word' id='word_1_331' title='bbox 318 2560 454 2595; x_wconf 86' lang='lat' dir='ltr'><strong>eadem</strong></span> <span class='ocrx_word' id='word_1_332' title='bbox 494 2559 607 2605; x_wconf 83' lang='lat' dir='ltr'><strong>copia</strong></span> <span class='ocrx_word' id='word_1_333' title='bbox 645 2561 816 2595; x_wconf 83' lang='lat' dir='ltr'><strong>ornaret.</strong></span> <span class='ocrx_word' id='word_1_334' title='bbox 831 2557 871 2604; x_wconf 78' lang='grc'><strong>*)</strong></span> <span class='ocrx_word' id='word_1_335' title='bbox 929 2557 1163 2602; x_wconf 82' lang='lat' dir='ltr'><strong>Enimvero,</strong></span> <span class='ocrx_word' id='word_1_336' title='bbox 1193 2556 1258 2602; x_wconf 89' lang='lat' dir='ltr'><strong>qui</strong></span> <span class='ocrx_word' id='word_1_337' title='bbox 1289 2557 1424 2592; x_wconf 87' lang='lat' dir='ltr'><strong>harum</strong></span> <span class='ocrx_word' id='word_1_338' title='bbox 1456 2567 1584 2592; x_wconf 89' lang='lat' dir='ltr'><strong>rerum</strong></span> <span class='ocrx_word' id='word_1_339' title='bbox 1614 2567 1728 2593; x_wconf 85' lang='lat' dir='ltr'><strong>usum</strong></span> 
     </span>
     <span class='ocr_line' id='line_1_43' title="bbox 318 2612 1728 2661; baseline -0.004 -9"><span class='ocrx_word' id='word_1_340' title='bbox 318 2616 476 2661; x_wconf 84' lang='lat' dir='ltr'><strong>habent,</strong></span> <span class='ocrx_word' id='word_1_341' title='bbox 508 2615 572 2650; x_wconf 91' lang='lat' dir='ltr'><strong>vel</strong></span> <span class='ocrx_word' id='word_1_342' title='bbox 602 2625 650 2650; x_wconf 86' lang='lat' dir='ltr'><strong>ex</strong></span> <span class='ocrx_word' id='word_1_343' title='bbox 682 2613 821 2659; x_wconf 83' lang='lat' dir='ltr'><strong>quavis</strong></span> <span class='ocrx_word' id='word_1_344' title='bbox 840 2624 918 2649; x_wconf 83' lang='lat' dir='ltr'><strong>una</strong></span> <span class='ocrx_word' id='word_1_345' title='bbox 937 2612 1278 2649; x_wconf 83' lang='lat' dir='ltr'><strong>animadversione</strong></span> <span class='ocrx_word' id='word_1_346' title='bbox 1300 2612 1604 2660; x_wconf 86' lang='lat' dir='ltr'><strong>Hemsterhusii‚</strong></span> <span class='ocrx_word' id='word_1_347' title='bbox 1624 2613 1728 2649; x_wconf 80' lang='lat' dir='ltr'><strong>Val-</strong></span> 
     </span>
    </p>
   </div>
   <div class='ocr_carea' id='block_1_3' title="bbox 316 2744 1731 2832">
    <p class='ocr_par' dir='ltr' id='par_1_3' title="bbox 316 2744 1731 2832">
     <span class='ocr_line' id='line_1_44' title="bbox 316 2744 1731 2790; baseline 0 -14"><span class='ocrx_word' id='word_1_348' title='bbox 316 2748 351 2784; x_wconf 74' lang='lat'><strong>⁶)</strong></span> <span class='ocrx_word' id='word_1_349' title='bbox 377 2745 450 2776; x_wconf 84' lang='lat' dir='ltr'><strong>Csr.</strong></span> <span class='ocrx_word' id='word_1_350' title='bbox 486 2750 610 2777; x_wconf 80' lang='lat' dir='ltr'><strong>contra</strong></span> <span class='ocrx_word' id='word_1_351' title='bbox 643 2746 876 2779; x_wconf 71' lang='lat' dir='ltr'><strong>Rutxnkenius</strong></span> <span class='ocrx_word' id='word_1_352' title='bbox 910 2746 947 2778; x_wconf 86' lang='lat' dir='ltr'><strong>in</strong></span> <span class='ocrx_word' id='word_1_353' title='bbox 985 2746 1087 2790; x_wconf 81' lang='lat' dir='ltr'><strong>Elog.</strong></span> <span class='ocrx_word' id='word_1_354' title='bbox 1122 2746 1258 2779; x_wconf 78' lang='lat' dir='ltr'><strong>Hemst.</strong></span> <span class='ocrx_word' id='word_1_355' title='bbox 1290 2755 1370 2788; x_wconf 81' lang='lat' dir='ltr'><strong>pag.</strong></span> <span class='ocrx_word' id='word_1_356' title='bbox 1397 2746 1452 2779; x_wconf 77' lang='lat'><strong>64.</strong></span> <span class='ocrx_word' id='word_1_357' title='bbox 1479 2753 1554 2786; x_wconf 85' lang='lat' dir='ltr'><strong>sqq.</strong></span> <span class='ocrx_word' id='word_1_358' title='bbox 1580 2745 1679 2782; x_wconf 79' lang='lat' dir='ltr'><strong>(Vol.</strong></span> <span class='ocrx_word' id='word_1_359' title='bbox 1705 2744 1731 2776; x_wconf 81' lang='grc' dir='ltr'><strong>Ι.</strong></span> 
     </span>
     <span class='ocr_line' id='line_1_45' title="bbox 364 2791 929 2832; baseline -0.011 -7"><span class='ocrx_word' id='word_1_360' title='bbox 364 2800 444 2832; x_wconf 76' lang='lat' dir='ltr'><strong>pag.</strong></span> <span class='ocrx_word' id='word_1_361' title='bbox 468 2791 543 2822; x_wconf 70' lang='lat'><strong>257.</strong></span> <span class='ocrx_word' id='word_1_362' title='bbox 572 2800 642 2831; x_wconf 63' lang='lat' dir='ltr'><strong>sqq.</strong></span> <span class='ocrx_word' id='word_1_363' title='bbox 669 2791 720 2820; x_wconf 80' lang='lat' dir='ltr'><strong>ed.</strong></span> <span class='ocrx_word' id='word_1_364' title='bbox 748 2793 811 2828; x_wconf 83' lang='lat' dir='ltr'><strong>m.)</strong></span> <span class='ocrx_word' id='word_1_365' title='bbox 858 2791 929 2822; x_wconf 77' lang='lat' dir='ltr'><strong>FB.</strong></span> 
     </span>
    </p>
   </div>
   <div class='ocr_carea' id='block_1_4' title="bbox 1826 2783 1833 3046">
    <p class='ocr_par' dir='ltr' id='par_1_4' title="bbox 1826 2783 1833 3046">
     <span class='ocr_line' id='line_1_46' title="bbox 1829 2783 1833 2950; baseline 0 0"><span class='ocrx_word' id='word_1_366' title='bbox 1829 2783 1833 2950; x_wconf 69' lang='lat' dir='ltr'><strong>l</strong></span> 
     </span>
     <span class='ocr_line' id='line_1_47' title="bbox 1826 2957 1833 3046; baseline 0 0"><span class='ocrx_word' id='word_1_367' title='bbox 1826 2957 1833 3046; x_wconf 73' lang='lat' dir='ltr'><strong>l</strong></span> 
     </span>
    </p>
   </div>
   <div class='ocr_carea' id='block_1_5' title="bbox 1825 3055 1828 3094">
    <p class='ocr_par' dir='ltr' id='par_1_5' title="bbox 1825 3055 1828 3094">
     <span class='ocr_line' id='line_1_48' title="bbox 1825 3055 1828 3094; baseline 0 -6"><span class='ocrx_word' id='word_1_368' title='bbox 1825 3055 1828 3094; x_wconf 69' lang='lat' dir='ltr'><strong>l</strong></span> 
     </span>
    </p>
   </div>
  </div>
 </body>
</html>
