1816 3233
853 198 1049 251 -206
1106 230 1160 238 -

308 281 387 317 Pag.
396 280 444 310 ed.
453 279 552 316 princ.

464 322 537 355 Cic.
561 321 604 352 de
629 319 706 352 rin.
731 320 780 361 V,
804 319 869 361 12,
890 321 944 353 35.
982 323 1024 354 ut
1045 322 1077 353 si
1099 321 1168 354 aut
1187 321 1352 354 manibus
1383 323 1617 365 inyrediatur
1639 324 1717 366 quis

463 368 527 399 aut
550 374 621 397 non
647 366 732 397 ante
743 387 756 407 ,
788 367 850 398 sed
871 368 973 398 retro
987 389 1000 409 ,
1029 366 1158 408 suffere
1185 367 1296 408 plane
1318 374 1356 399 Se
1379 367 1456 410 ipse
1479 370 1516 401 et
1544 370 1717 401 hominem

462 420 597 444 effluens
619 419 666 442 ew
689 411 825 443 homine
848 413 1025 444 naturam
1046 412 1163 444 odisse
1184 411 1390 445 videantur.
1423 414 1468 446 cf.
1495 413 1538 447 de
1562 413 1629 447 Off.
1653 414 1716 454 ΙΙΙ,

465 459 496 488 5.
524 460 615 488 extr.

305 502 500 537 264.vs.2l.
522 510 592 542 pro
615 502 732 534 unico.
780 500 891 533 Immo
920 509 990 543 pro
1022 511 1107 535 uno.
1161 503 1252 534 Sane
1282 504 1410 535 unicus
1438 502 1539 544 filius
1574 505 1715 544 (mari-

463 546 564 585 tus),
588 548 698 579 unica
718 545 800 587 filia
824 547 960 587 dicitur,
982 548 1115 579 unicus
1138 548 1227 580 liber
1251 547 1295 579 de
1318 557 1391 581 uno
1414 548 1504 581 libro
1527 558 1596 581 non
1619 552 1715 582 item.

326 611 362 617 -
392 610 428 615 —
446 592 503 625 22.
526 600 592 624 nec
615 593 706 623 enim
740 591 803 623 abs
826 601 867 624 re
890 594 953 624 est.
999 592 1038 624 In
1071 593 1134 625 hac
1165 594 1335 634 formula,
1373 603 1461 635 quae
1494 595 1611 635 signif.
1645 603 1714 627 non

464 638 615 669 alienum
651 636 693 668 ab
718 645 759 668 re
792 641 865 678 est,
901 646 971 668 non
995 641 1211 670 contrarium
1237 641 1311 678 est,
1350 643 1495 671 veteres
1519 642 1715 680 scriptores

464 691 574 724 neque
599 683 663 714 abs
686 690 800 722 neque
824 693 864 725 α,
889 684 951 714 sed
977 683 1102 723 ubique
1126 684 1170 715 ab
1194 689 1458 716 consueverant
1480 693 1623 725 ponere.

305 731 426 763 265.-
443 731 476 762 9.
499 730 665 761 ulterius.
707 728 872 770 „Ultra,
897 730 1011 768 inquit
1026 729 1290 770 HTursellinuS‚
1315 730 1383 761 dici
1407 731 1591 768 eleganter
1613 732 1718 772 solet,

462 775 553 815 quod
577 775 685 814 vulgo
709 774 864 804 ulterius
888 772 1043 804 dicunt.“
1089 776 1202 815 Atque
1226 775 1282 805 hic
1304 776 1413 815 simpl.
1433 776 1538 808 ultra
1561 776 1718 809 sufficie-

464 821 539 852 bat:
579 827 785 860 quamquam
810 821 914 850 etiam
947 819 1138 851 identidem
1171 823 1288 860 aptum
1321 824 1418 862 erat,
1453 823 1605 861 itemque
1634 831 1715 854 am-

461 866 575 907 plius,
601 865 690 904 quod
715 864 900 904 lVyttenb.
924 866 959 894 in
986 864 1073 896 locis
1097 867 1200 896 liuius
1224 865 1304 897 libri
1328 874 1430 906 quam
1456 866 1717 908 plurimisper-

462 919 583 951 peram
608 911 805 949 usurpavit.
852 908 906 940 Cf.
932 911 1040 941 etiam
1064 910 1192 941 Krebs.
1217 911 1240 942 1.
1266 912 1290 942 l.
1316 919 1398 952 pag.
1424 911 1503 944 784.

305 959 427 990 268-
445 960 535 988 extr.
561 957 683 987 tacito.
730 955 854 995 Longe
880 960 1037 994 praestat
1061 956 1173 988 altera
1195 956 1308 988 forma
1332 959 1452 989 tacite.

305 1005 428 1037 269.-
445 1004 478 1033 3.
503 1003 541 1032 in
563 1001 755 1041 procinctu
779 1001 815 1031 et
835 999 988 1031 abeundi
1012 1001 1047 1032 et
1068 1001 1256 1033 redeundi.
1293 1002 1390 1033 Rara
1413 1002 1596 1035 admodum
1620 1005 1715 1035 stru-

463 1051 575 1085 ctura,
601 1048 703 1076 cuius
735 1045 868 1076 nullum
901 1045 994 1076 aliud
1027 1044 1190 1077 laudatur
1213 1048 1410 1087 exemplum
1436 1049 1502 1079 nisi
1525 1049 1590 1080 hoc
1612 1048 1714 1080 Plinii

461 1093 502 1124 N.
527 1092 568 1122 fl.
594 1091 657 1131 Vl,
683 1090 736 1121 19.
763 1099 813 1130 pr.
851 1089 940 1130 Reyi
965 1090 1038 1122 LX
1066 1092 1183 1123 millia
1213 1093 1398 1135 peditum,
1434 1094 1567 1134 equites
1601 1094 1716 1136 mille,

463 1137 643 1177 elephanti
679 1135 775 1167 DCC
805 1137 841 1166 in
872 1136 1063 1176 procinctu
1095 1137 1269 1169 bellorum
1299 1138 1490 1170 eoecubant.
1545 1140 1716 1177 Quoniam

463 1187 578 1215 autem
601 1182 815 1221 procinctus
839 1181 1052 1212 vocabulum
1077 1186 1132 1214 est
1156 1191 1302 1222 prorsus
1327 1183 1498 1222 militare,
1523 1185 1581 1215 ubi
1605 1192 1648 1215 eo
1672 1186 1717 1217 ad

462 1229 553 1259 alias
579 1235 638 1258 res
663 1227 795 1258 tralato
827 1227 992 1258 meliores
1019 1230 1163 1260 utuntur
1186 1230 1401 1268 scriptoreS,
1438 1231 1541 1271 quasi
1566 1228 1712 1268 (velut)

463 1274 524 1305 vel
562 1274 736 1313 tanquam
770 1273 896 1311 partic.
938 1280 1158 1312 praeponere
1194 1274 1322 1306 solent.
1384 1275 1482 1313 Quod
1519 1274 1612 1306 idem
1648 1275 1715 1306 fuit.

462 1319 741 1359 wyttenbachio
765 1317 974 1348 faciendum.

325 1383 361 1390 ..
392 1364 498 1397 -10.
524 1364 693 1403 diliyente
717 1364 750 1394 et
773 1364 876 1403 quasi
899 1364 1123 1394 oeconomica
1147 1381 1189 1385 —
1213 1365 1495 1405 comparatione.
1536 1365 1590 1397 Cf.
1608 1367 1717 1404 Quin-

462 1410 626 1442 ctilianns
651 1407 730 1447 vn,
756 1407 810 1448 10,
835 1408 887 1439 ll.
913 1417 986 1448 sqq.
1013 1412 1049 1439 et
1073 1408 1115 1439 de
1139 1411 1343 1441 oeconomia
1366 1409 1426 1451 111,
1449 1411 1483 1449 3,
1507 1411 1539 1441 9.
1573 1417 1608 1442 et
1631 1412 1656 1452 1,
1680 1413 1714 1450 8,

462 1457 493 1487 9.
520 1455 576 1486 ubi
599 1453 821 1493 Spaldingius
851 1454 979 1485 scitam
1008 1455 1172 1494 partium
1202 1456 1321 1495 operis
1351 1455 1625 1497 descriptionem
1649 1465 1718 1488 vo-

464 1503 531 1541 cat,
558 1505 647 1538 quae
670 1501 818 1530 maxime
843 1503 1011 1529 cernatur
1034 1502 1066 1529 in
1092 1499 1231 1540 fabuliS,
1255 1502 1291 1531 et
1315 1507 1417 1541 quam
1440 1502 1477 1531 in
1497 1501 1718 1534 Terentiam

466 1544 665 1578 Comoediis
691 1552 761 1575 non
785 1545 896 1575 semel
921 1548 1044 1585 tangat
1068 1545 1239 1576 Donatus.

325 1609 362 1615 -
391 1609 428 1615 —
443 1592 498 1623 2⁶2.
523 1590 780 1632 praesentium.
827 1589 948 1621 Potius
973 1598 1096 1621 eorum
1119 1591 1181 1631 qui
1203 1591 1373 1622 aderant.
1403 1591 1446 1623 cf.
1471 1591 1515 1623 ad
1538 1590 1594 1632 ¹78,
1618 1592 1650 1623 7.

306 1638 428 1670 270.—
443 1637 475 1669 4.
502 1638 546 1667 iis
569 1637 604 1666 in
629 1636 843 1676 perpetuum
867 1636 1058 1667 valeam-it.
1082 1635 1114 1666 id
1140 1638 1206 1675 est,
1230 1637 1272 1668 iis
1296 1637 1414 1668 ultimo
1439 1638 1521 1669 vale
1545 1638 1649 1678 dicto,
1672 1639 1716 1670 iis

464 1681 572 1713 semel
594 1681 717 1712 valere
737 1682 844 1711 iussis
868 1688 910 1712 ac
926 1681 1099 1723 salutatis,
1123 1681 1297 1719 discessit,
1320 1690 1492 1723 nunquam
1511 1687 1636 1723 postea
1660 1692 1717 1715 re—

463 1734 653 1758 versurus:
687 1727 972 1766 quemadmodum
997 1727 1027 1756 Ιι.
1054 1727 1076 1757 l.
1103 1727 1145 1758 de
1169 1729 1402 1759 sessiunculis
1427 1730 1564 1760 ironice
1587 1729 1717 1761 dictum

464 1774 608 1805 omnino
632 1772 872 1811 accipiendum
896 1776 971 1810 est3
1014 1772 1101 1812 [quo
1126 1781 1232 1804 sensu
1257 1772 1329 1804 Cic.
1354 1773 1396 1804 ad
1421 1773 1520 1805 Fam.
1546 1774 1632 1815 vlt,
1657 1775 1715 1806 33.

464 1827 527 1858 eyo
550 1826 654 1858 vero,
680 1819 809 1856 iuquit,
834 1817 986 1848 multum
1011 1817 1167 1848 salutem
1191 1819 1227 1848 et
1245 1818 1329 1858 soro
1353 1818 1474 1851 dicam
1498 1821 1536 1851 et
1556 1820 1715 1858 curiae-J

467 1869 522 1903 et,
555 1864 585 1893 si
609 1863 657 1893 ita
684 1863 899 1901 accipiatur,
931 1866 1033 1894 caret
1059 1864 1153 1893 omni
1176 1864 1451 1902 reprehensione
1476 1864 1624 1896 verbum
1647 1873 1716 1896 va-

464 1909 638 1945 ledicere5
662 1916 729 1947 quo
754 1916 838 1938 usus
861 1911 916 1938 est
941 1907 1088 1939 Ovidius
1113 1907 1221 1938 Trist.
1243 1907 1270 1947 Ι,
1293 1910 1327 1948 S,
1351 1908 1410 1939 21.
1432 1908 1468 1940 et
1492 1910 1629 1941 Seneca
1651 1910 1715 1951 Ep.

462 1954 519 1991 17,
542 1953 574 1983 8.
607 1961 708 1992 quum
733 1953 921 1983 Suetonius
951 1955 985 1984 in
1011 1952 1128 1983 Tiber.
1153 1952 1208 1983 ¹72.
1240 1955 1427 1994 scripserit
1458 1955 1582 1987 valere
1612 1955 1717 1993 dico,-

462 1998 566 2041 [Nec
590 1998 764 2029 abstinuit
786 1998 1044 2029 consuetudine
1055 2020 1068 2040 ,
1099 1999 1186 2039 quin
1214 1998 1302 2031 tunc
1324 2007 1484 2042 quoque,
1515 2001 1657 2032 instans
1678 2001 1716 2032 in

463 2045 577 2077 medio
608 2044 795 2085 triclinio,
835 2043 1005 2075 adstante
1035 2043 1186 2085 lictore,
1224 2045 1385 2084 sinyulos
1415 2046 1538 2077 valere
1560 2046 1717 2078 dicentes

463 2090 682 2130 appellaret.
722 2093 758 2120 et
789 2090 821 2119 in
847 2091 994 2128 August.
1025 2089 1080 2118 53.
1116 2089 1224 2120 etiam
1254 2089 1436 2121 discedens
1466 2091 1584 2123 eodem
1613 2092 1718 2123 modo

463 2134 663 2167 sedentibus
686 2135 836 2175 sinmelis
857 2134 982 2165 valere
1005 2131 1184 2174 dicebat-J
1230 2134 1355 2166 Cicero
1379 2139 1505 2176 autem,
1530 2139 1629 2168 cuius
1653 2138 1718 2168 hac

463 2184 499 2213 iu
523 2187 564 2211 re
588 2181 739 2211 maxima
762 2180 957 2211 auctoritas
982 2187 1063 2210 esse
1088 2180 1203 2217 debet,
1228 2180 1350 2212 valere
1368 2181 1484 2223 iubeo,
1509 2181 1553 2213 ad
1579 2185 1647 2214 Att.
1673 2183 1716 2225 V,

464 2228 498 2258 2.
549 2225 718 2256 Similiter
757 2227 793 2255 in
827 2225 952 2256 malam
984 2229 1118 2264 partem
1150 2225 1280 2265 legitur
1308 2225 1398 2266 apud
1431 2226 1641 2259 Ciceronem
1673 2228 1717 2260 de

463 2273 545 2304 Nat.
572 2272 678 2302 Deor.
706 2270 732 2300 1.
764 2275 932 2301 exeunte:
969 2272 1000 2300 si
1024 2272 1178 2302 vuarime
1210 2271 1296 2301 talis
1327 2273 1382 2302 est
1404 2269 1490 2303 deus
1514 2289 1555 2296 -—
1582 2274 1715 2305 valeat.

467 2319 545 2355 [ubi
570 2317 637 2347 vid.
664 2316 785 2347 navis,
809 2319 845 2347 et
869 2316 1021 2353 Mosen]
1071 2315 1297 2347 BERGMAN.

327 2380 365 2390 ...
394 2380 430 2388 —
447 2363 502 2395 15.
526 2362 620 2404 qnod
646 2378 686 2383 -—
710 2362 835 2402 magsni
865 2362 919 2393 est
940 2379 983 2383 ——
1007 2363 1186 2393 momenti.
1242 2363 1299 2392 Sic
1331 2364 1428 2394 recte
1458 2362 1643 2403 scribam-5
1681 2367 1719 2395 at

468 2416 559 2448 quae
583 2415 641 2438 res
665 2415 799 2447 maqna
823 2406 972 2438 dicenda
997 2410 1061 2445 est,
1087 2415 1164 2439 eam
1188 2415 1257 2438 non
1282 2407 1367 2438 licet
1389 2416 1463 2439 rem
1489 2409 1614 2450 mayni
1635 2415 1714 2441 mo-

464 2454 573 2485 menti
596 2454 650 2483 sic
672 2452 879 2491 simpliciter
901 2452 1038 2493 dicere,
1071 2456 1108 2484 ut
1132 2453 1269 2484 faciunt
1293 2453 1391 2484 multi
1415 2461 1537 2486 eorum
1568 2455 1628 2494 qui
1652 2455 1715 2487 ho-

466 2500 521 2530 die
545 2498 705 2530 scribunt
727 2498 865 2528 Latine.

308 2544 429 2579 271.-
445 2545 479 2575 ¹7.
504 2545 684 2576 duritiem.
732 2543 852 2574 Potius
875 2542 1061 2575 duritiam.
1095 2543 1141 2574 cf.
1167 2544 1208 2575 ad
1234 2543 1313 2583 113,
1336 2543 1368 2574 4.

331 2607 366 2614 ——
398 2607 433 2612 -
451 2590 505 2621 13.
529 2589 578 2620 ad
603 2590 803 2621 extremam
834 2597 946 2630 usque
968 2589 1193 2622 senectutem.
1239 2589 1409 2620 Usitatius
1440 2591 1495 2621 est
1524 2597 1635 2632 usque
1665 2591 1716 2624 ad

466 2636 562 2667 eoetr.
585 2635 715 2666 senect.

311 2681 432 2716 272.-
448 2680 480 2712 4.
512 2681 677 2721 sclopeto.
738 2679 875 2710 Novum
912 2680 979 2711 hoc
1011 2687 1126 2712 novae
1161 2681 1212 2711 rei
1246 2680 1445 2719 impositum
1482 2685 1610 2713 nomen
1648 2684 1713 2714 est.

468 2725 675 2766 Sclopetum
709 2725 894 2756 formatum
925 2733 947 2756 a
976 2726 1118 2767 ειτορο,ι
1152 2725 1296 2765 selopus
1333 2728 1452 2756 autem
1483 2735 1513 2757 s.
1548 2727 1715 2768 stleppus

466 2770 599 2810 legitur
622 2770 709 2809 apud
733 2770 892 2801 Persium
917 2772 989 2802 Sat.
1004 2774 1038 2810 5,
1063 2771 1115 2802 13.
1141 2773 1177 2802 et
1200 2772 1325 2802 sonum
1351 2770 1494 2803 denotat
1518 2772 1627 2812 qualis
1649 2780 1713 2803 au-

471 2815 582 2857 ditur,
605 2816 638 2845 si
661 2817 715 2847 cui
738 2815 868 2847 buccas
892 2816 1027 2849 innatas
1049 2817 1247 2857 percutias:
1281 2814 1373 2848 unde
1395 2816 1439 2848 ad
1463 2825 1589 2850 sonum
1612 2819 1712 2850 eius-
