1833 3237
125 326 149 350 a
179 311 380 350 doctrinae
408 312 607 361 gravitate
638 315 676 349 et
704 313 832 360 magis
862 312 1004 359 puerili
1042 311 1194 350 levitati
1232 311 1540 359 convenientem,

124 369 468 416 reprehenderent,
507 370 622 415 eique
660 369 756 404 illud
791 368 844 405 Ut
879 370 976 418 vidi,
1018 372 1062 405 uc
1089 370 1205 416 perii,
1244 372 1289 405 uc
1323 377 1385 404 me
1413 369 1542 404 malus

125 427 288 462 abstulit
316 425 493 473 error,*)
534 425 763 462 obiieerent.
822 425 905 460 Nos
944 435 1032 461 eum
1061 426 1168 461 lovis
1200 424 1378 470 exemplo
1419 434 1541 460 excu-

124 492 270 528 semus,
299 483 365 528 qui
395 482 488 518 item
518 480 621 527 apud
651 482 873 528 Homerum,

231 559 300 602 ‘523
330 560 364 597 δ’
392 562 482 607 ἴδεν,
512 559 559 601 ὥς
587 575 650 607 μιν
679 562 769 609 ἔρως
798 559 948 602 πυκινὰς
978 563 1110 610 φρένας
1140 559 1418 608 ἁλιιφεκάλύψεν.

238 638 330 685 Sed,
369 637 514 673 omissa
560 638 764 673 Poetarum
805 636 1058 682 auctoritate,
1113 646 1336 672 communes
1387 638 1542 672 nostras

126 693 292 730 delicias
323 689 592 740 Platonem**)
632 703 854 741 sequamur,
898 696 1005 729 certe
1045 692 1306 729 Ruhnkenius
1347 693 1542 741 δεξάμενος

126 750 189 798 τὴν
218 752 281 788 τοῦ
322 750 473 792 κάλλους
511 749 697 799 ἀπορῥοὴν
744 750 804 786 διὰ
842 751 911 786 τῶν
947 748 1142 798 ὀμμάτων,
1189 748 1424 797 ἐθερμάνθη,
1464 758 1540 784 Su-

125 809 258 852 scepto
276 815 351 852 per
371 807 504 842 oculos
524 804 688 852 effluvio
701 806 998 853 pulcritudines,
1022 805 1213 840 incaluit:
1236 804 1274 839 in
1298 804 1433 849 pulcro
1451 813 1541 839 eor-

126 871 219 907 pore
249 862 424 906 pulcrum
454 861 624 896 animum
655 861 834 896 habitare
863 864 986 906 ratus,
1025 862 1098 896 hoe
1134 860 1226 896 item
1256 859 1458 896 Socratice
1496 869 1543 894 ae

126 917 339 963 platonice,
380 917 434 952 nil
474 917 584 962 prius
623 916 830 962 potiusque
871 917 1020 961 habuit,
1051 926 1163 961 quam
1195 919 1236 950 ut
1266 916 1435 961 puellam
1467 914 1543 951 sibi

125 973 318 1019 propriam
350 975 547 1008 assereret
588 975 626 1008 et
663 973 703 1008 in
734 971 1016 1008 matrimonium
1057 972 1228 1009 duceret.
1288 971 1427 1015 Neque
1457 971 1543 1015 hae,

127 1030 319 1074 protecto,
359 1028 399 1064 in
438 1038 482 1064 re
520 1029 625 1064 ullus
670 1031 732 1064 est
770 1027 1065 1074 reprehensioni
1103 1028 1234 1072 loeus3
1275 1026 1350 1062 nisi
1390 1027 1425 1060 si
1455 1025 1543 1071 quis

127 1094 278 1120 omnem
321 1094 345 1119 a
375 1084 595 1120 Literarum
633 1088 671 1119 et
701 1084 860 1119 doctore
900 1087 938 1120 et
968 1083 1143 1130 principe
1173 1092 1341 1118 amorem
1371 1084 1409 1117 et
1439 1091 1543 1116 uxo-

127 1141 223 1182 riam
253 1150 333 1176 rem
364 1140 571 1176 abiudieet.
629 1141 888 1176 Ruhnkenius
919 1150 966 1175 eo
987 1143 1070 1176 erat
1100 1143 1137 1175 et
1160 1138 1301 1174 aetatis
1323 1141 1362 1173 et
1392 1137 1544 1172 doctri-

129 1207 202 1231 nae
241 1196 365 1243 modo,
407 1199 449 1231 ut
485 1196 522 1231 ei
561 1196 729 1231 omnium
771 1206 966 1232 consensu
1008 1206 1168 1232 uxorem
1207 1195 1350 1230 ducere
1394 1193 1542 1228 liceret.

127 1253 216 1289 Non
247 1252 522 1299 pervulgatum
553 1261 696 1287 morem
728 1253 965 1298 sequebatur
996 1250 1277 1301 festinationis,
1312 1260 1386 1294 qua
1418 1248 1542 1295 pleri-

125 1319 201 1354 que
248 1308 446 1355 ingeniosi
494 1308 765 1344 adolescentes
814 1318 966 1344 omnem
1018 1306 1250 1343 eruditionis
1290 1315 1543 1353 progressum

125 1366 374 1410 fructumque
403 1364 586 1414 perdunt,
627 1364 692 1410 qui
722 1364 870 1400 tirones
899 1374 946 1399 ac
972 1363 1111 1400 novitii
1141 1363 1180 1398 in
1211 1362 1356 1399 Literis
1388 1372 1437 1397 ex
1467 1361 1544 1397 ha-

127 1431 209 1457 rum
240 1420 381 1456 studiis
422 1421 488 1456 vix
518 1420 726 1466 inchoatis,
764 1430 840 1466 quo
879 1423 1052 1466 tempore
1089 1419 1257 1455 maxime
1285 1418 1439 1453 discere
1470 1417 1544 1453 de-

127 1478 282 1524 bebant,
329 1486 373 1512 se
401 1476 440 1512 in
471 1477 528 1512 rei
559 1477 765 1512 familiaris
806 1479 845 1512 et
874 1477 1036 1512 uxoriae
1067 1487 1182 1512 curas
1212 1470 1637 1519 difficultatesque122

126 1533 361 1576 conficiunt,
417 1532 583 1578 indeque
628 1543 697 1579 per
743 1533 932 1578 reliquam
981 1533 1101 1568 vitam
1156 1532 1197 1568 in
1246 1530 1543 1577 proletariorum

125 1590 241 1625 turba
279 1587 527 1635 delitescunt,
567 1588 615 1623 ad
670 1589 863 1624 illustrem
903 1589 1070 1634 aliquem
1116 1588 1336 1624 Literarum
1381 1597 1543 1622 censum

126 1655 332 1690 numquam
361 1644 573 1690 adspirant.
630 1645 739 1688 Quod
768 1646 976 1680 formosam
1007 1644 1142 1680 maluit
1172 1654 1285 1689 quam
1317 1643 1545 1687 deformem,

126 1701 309 1737 iuvenem
348 1710 461 1746 quam
506 1701 700 1745 vetulam3
755 1701 1045 1746 reprehendant
1088 1701 1130 1747 ii,
1180 1700 1244 1745 qui
1285 1709 1454 1734 amorem
1494 1698 1543 1734 ad

126 1757 301 1793 calculos
340 1755 605 1804 adstringunt,
657 1757 697 1792 in
735 1766 857 1792 uxore
893 1757 931 1792 et
970 1758 1119 1792 formae
1162 1754 1453 1802 turpitudinem,
1504 1757 1543 1790 et

127 1814 260 1849 vietus
307 1811 611 1862 immunditiem,
663 1814 701 1847 et
748 1822 897 1848 morum
942 1812 1210 1857 asperitatem,
1267 1812 1306 1845 et
1352 1810 1543 1846 sermonis

125 1867 336 1919 inficetias,
373 1869 412 1903 et
449 1868 570 1904 animi
605 1870 816 1915 stuporem,
857 1867 998 1913 cupide
1045 1867 1235 1913 arripiunt
1274 1866 1544 1913 patienterque

128 1926 274 1969 ferunt,
313 1923 426 1959 modo
467 1923 673 1960 coniuncta
711 1924 790 1959 sint
826 1923 904 1958 ista
941 1923 1038 1958 vitia
1080 1934 1166 1959 eum
1197 1922 1359 1968 divitiis,
1389 1923 1542 1970 opibus,

129 1980 358 2017 honoribus,
431 1979 666 2016 Ruhnkenio
705 1978 972 2014 incredibilem
1013 1981 1149 2014 natura
1188 1978 1379 2013 tribuerat
1416 1978 1541 2024 pulcri

128 2035 366 2080 venustique
395 2045 566 2080 sensum,
597 2038 640 2069 ut
671 2045 796 2079 neque
826 2034 865 2069 in
896 2035 1113 2070 Literarum
1152 2034 1369 2079 artiumque
1408 2034 1541 2079 operi*

132 2093 221 2139 bus,
254 2100 378 2135 neque
408 2090 448 2126 in
479 2090 680 2126 mulierum
713 2090 865 2134 formis,
896 2089 1102 2135 quidquam
1137 2089 1212 2125 nisi
1242 2100 1337 2125 vere
1368 2090 1542 2135 pulcrum

131 2149 418 2191 venustumque
448 2148 514 2181 aut
543 2147 738 2193 probaret,
768 2149 834 2182 aut
855 2156 966 2181 suum
990 2157 1079 2181 esse
1099 2144 1230 2181 vellet.
1291 2144 1413 2180 Aliud
1446 2147 1542 2192 erat,

129 2202 233 2248 quod
274 2212 360 2238 eum
402 2212 474 2237 nee
513 2202 600 2237 sine
636 2202 787 2237 ratione
826 2203 1033 2237 monebant
1072 2201 1210 2247 amici,
1250 2199 1544 2235 meminissetne

129 2257 336 2305 pristinum
374 2268 487 2294 suum
527 2259 766 2304 propositum
805 2257 852 2292 de
883 2266 1004 2292 uxore
1035 2256 1224 2302 ducenda,
1266 2265 1364 2301 quae
1395 2255 1543 2301 aliquid

131 2314 190 2351 rei
219 2315 401 2350 afferret:
443 2313 528 2360 ipse
558 2314 700 2362 aiebat,
731 2323 817 2348 eam
847 2314 987 2348 afferre
1016 2312 1181 2358 aliquid:
1215 2310 1254 2346 hi
1284 2312 1541 2359 reponebant,

131 2371 208 2407 hoe
245 2369 389 2415 aliquid
431 2380 564 2415 parum
606 2379 709 2405 esse.
770 2370 879 2404 Haec
916 2368 1072 2414 aliaque
1110 2368 1160 2404 iis
1196 2367 1445 2403 monentibus
1487 2367 1543 2403 ita

131 2425 416 2474 satisfaciebat,
457 2428 500 2461 ut
541 2435 628 2461 eum
669 2423 866 2459 dehortari
906 2424 1142 2470 desinerent,
1190 2423 1458 2470 intelligentes
1499 2433 1542 2459 se

129 2481 387 2529 repugnando
432 2480 529 2516 nihil
569 2481 752 2526 efficere3
795 2480 948 2525 puellae
989 2490 1101 2525 porro
1142 2478 1385 2525 prudentiam
1415 2478 1542 2514 inter-

132 2540 345 2586 pretantes,
376 2537 476 2582 quod
508 2547 531 2573 a
560 2536 693 2572 multis
724 2537 845 2582 petita
875 2536 1017 2584 procis,
1048 2536 1212 2572 aliorum
1242 2534 1407 2571 iuvenili
1436 2534 1540 2571 levi-

130 2679 159 2720 ·)
185 2681 286 2719 Virg-
319 2680 446 2719 Eclog.
478 2681 572 2719 vm,
616 2681 670 2711 41.
708 2688 751 2710 ex
785 2680 977 2711 Theocrito
1013 2686 1218 2717 expressum
1251 2678 1354 2716 ldyll.
1391 2678 1432 2716 11,
1466 2677 1542 2708 82:

176 2725 243 2755 hoc
267 2725 350 2755 item
379 2732 423 2755 ex
450 2726 636 2756 Homerico
663 2726 755 2766 loco,
780 2732 880 2764 quem
915 2726 1141 2765 apposuimus·
1166 2723 1263 2755 iliad.
1289 2723 1319 2764 ξ,
1341 2723 1418 2753 294.

127 2791 175 2830 ”J
199 2790 374 2832 Phaedro,
398 2801 428 2832 p.
455 2792 530 2823 346.
558 2792 597 2823 F.
