<?xml version="1.0" encoding="UTF-8"?>
<!DOCTYPE html PUBLIC "-//W3C//DTD XHTML 1.0 Transitional//EN"
    "http://www.w3.org/TR/xhtml1/DTD/xhtml1-transitional.dtd">
<html xmlns="http://www.w3.org/1999/xhtml" xml:lang="en" lang="en">
 <head>
  <title>
</title>
<meta http-equiv="Content-Type" content="text/html;charset=utf-8" />
  <meta name='ocr-system' content='tesseract 3.04.00' />
  <meta name='ocr-capabilities' content='ocr_page ocr_carea ocr_par ocr_line ocrx_word'/>
</head>
<body>
  <div class='ocr_page' id='page_1' title='image "./vitadavidisruhnk00wyttuoft_0101.png"; bbox 0 0 1833 3237; ppageno 0'>
   <div class='ocr_carea' id='block_1_1' title="bbox 685 198 957 240">
    <p class='ocr_par' dir='ltr' id='par_1_1' title="bbox 685 198 957 240">
     <span class='ocr_line' id='line_1_1' title="bbox 685 198 957 240; baseline -0.011 -10"><span class='ocrx_word' id='word_1_1' title='bbox 685 198 849 240; x_wconf 66' lang='lat'>-93</span> <span class='ocrx_word' id='word_1_2' title='bbox 913 223 957 228; x_wconf 65' lang='grc'>,-</span> 
     </span>
    </p>
   </div>
   <div class='ocr_carea' id='block_1_2' title="bbox 119 311 1638 2839">
    <p class='ocr_par' dir='ltr' id='par_1_2' title="bbox 119 311 1638 2839">
     <span class='ocr_line' id='line_1_2' title="bbox 229 311 1525 363; baseline -0.005 -11"><span class='ocrx_word' id='word_1_3' title='bbox 229 317 274 354; x_wconf 89' lang='lat' dir='ltr'>In</span> <span class='ocrx_word' id='word_1_4' title='bbox 313 315 585 363; x_wconf 85' lang='lat' dir='ltr'>plerorumque</span> <span class='ocrx_word' id='word_1_5' title='bbox 618 316 802 352; x_wconf 90' lang='lat' dir='ltr'>Veterum</span> <span class='ocrx_word' id='word_1_6' title='bbox 833 314 1072 360; x_wconf 79' lang='lat' dir='ltr'><strong>Scriptorum</strong></span> <span class='ocrx_word' id='word_1_7' title='bbox 1112 311 1301 359; x_wconf 83' lang='lat' dir='ltr'>exemplis</span> <span class='ocrx_word' id='word_1_8' title='bbox 1340 311 1388 347; x_wconf 89' lang='lat' dir='ltr'>ad</span> <span class='ocrx_word' id='word_1_9' title='bbox 1419 321 1525 347; x_wconf 86' lang='lat' dir='ltr'>mar-</span> 
     </span>
     <span class='ocr_line' id='line_1_3' title="bbox 121 367 1525 421; baseline -0.004 -14"><span class='ocrx_word' id='word_1_10' title='bbox 121 371 255 421; x_wconf 84' lang='lat' dir='ltr'>ginem</span> <span class='ocrx_word' id='word_1_11' title='bbox 298 372 488 418; x_wconf 88' lang='lat' dir='ltr'>cuiusque</span> <span class='ocrx_word' id='word_1_12' title='bbox 516 372 592 409; x_wconf 89' lang='lat' dir='ltr'>loci</span> <span class='ocrx_word' id='word_1_13' title='bbox 629 375 762 408; x_wconf 87' lang='lat' dir='ltr'>notare</span> <span class='ocrx_word' id='word_1_14' title='bbox 797 371 967 416; x_wconf 81' lang='lat' dir='ltr'>solebat,</span> <span class='ocrx_word' id='word_1_15' title='bbox 1013 381 1097 405; x_wconf 89' lang='lat' dir='ltr'>cum</span> <span class='ocrx_word' id='word_1_16' title='bbox 1127 380 1243 417; x_wconf 82' lang='lat' dir='ltr'>suas,</span> <span class='ocrx_word' id='word_1_17' title='bbox 1289 372 1367 405; x_wconf 90' lang='lat' dir='ltr'>tum</span> <span class='ocrx_word' id='word_1_18' title='bbox 1398 367 1525 415; x_wconf 87' lang='lat' dir='ltr'>magis</span> 
     </span>
     <span class='ocr_line' id='line_1_4' title="bbox 123 426 1525 473; baseline -0.004 -8"><span class='ocrx_word' id='word_1_19' title='bbox 123 429 238 465; x_wconf 87' lang='lat' dir='ltr'>etiam</span> <span class='ocrx_word' id='word_1_20' title='bbox 277 428 439 465; x_wconf 88' lang='lat' dir='ltr'>aliorum</span> <span class='ocrx_word' id='word_1_21' title='bbox 483 428 796 472; x_wconf 83' lang='lat' dir='ltr'>emendationes,</span> <span class='ocrx_word' id='word_1_22' title='bbox 833 438 932 473; x_wconf 87' lang='lat' dir='ltr'>quae</span> <span class='ocrx_word' id='word_1_23' title='bbox 961 427 1001 462; x_wconf 93' lang='lat' dir='ltr'>in</span> <span class='ocrx_word' id='word_1_24' title='bbox 1039 426 1106 462; x_wconf 89' lang='lat' dir='ltr'>illa</span> <span class='ocrx_word' id='word_1_25' title='bbox 1144 426 1314 462; x_wconf 85' lang='lat' dir='ltr'>editione</span> <span class='ocrx_word' id='word_1_26' title='bbox 1345 435 1418 461; x_wconf 91' lang='lat' dir='ltr'>non</span> <span class='ocrx_word' id='word_1_27' title='bbox 1455 434 1525 460; x_wconf 91' lang='lat' dir='ltr'>es-</span> 
     </span>
     <span class='ocr_line' id='line_1_5' title="bbox 119 482 1526 531; baseline -0.004 -10"><span class='ocrx_word' id='word_1_28' title='bbox 119 488 209 521; x_wconf 89' lang='lat' dir='ltr'>sent</span> <span class='ocrx_word' id='word_1_29' title='bbox 236 489 480 522; x_wconf 76' lang='lat' dir='ltr'>memoratae.</span> <span class='ocrx_word' id='word_1_30' title='bbox 551 484 846 531; x_wconf 78' lang='lat' dir='ltr'>Xenophontem</span> <span class='ocrx_word' id='word_1_31' title='bbox 879 482 1067 528; x_wconf 82' lang='lat' dir='ltr'>peculiari</span> <span class='ocrx_word' id='word_1_32' title='bbox 1105 482 1269 528; x_wconf 87' lang='lat' dir='ltr'>quadam</span> <span class='ocrx_word' id='word_1_33' title='bbox 1309 491 1401 517; x_wconf 89' lang='lat' dir='ltr'>cura</span> <span class='ocrx_word' id='word_1_34' title='bbox 1440 483 1526 516; x_wconf 89' lang='lat' dir='ltr'>tra-</span> 
     </span>
     <span class='ocr_line' id='line_1_6' title="bbox 123 536 1526 589; baseline -0.004 -12"><span class='ocrx_word' id='word_1_35' title='bbox 123 544 309 588; x_wconf 88' lang='lat' dir='ltr'>ctaverat,</span> <span class='ocrx_word' id='word_1_36' title='bbox 340 544 379 578; x_wconf 92' lang='lat' dir='ltr'>et</span> <span class='ocrx_word' id='word_1_37' title='bbox 407 542 446 577; x_wconf 92' lang='lat' dir='ltr'>in</span> <span class='ocrx_word' id='word_1_38' title='bbox 474 541 647 589; x_wconf 75' lang='lat' dir='ltr'>margine</span> <span class='ocrx_word' id='word_1_39' title='bbox 668 541 833 586; x_wconf 88' lang='lat' dir='ltr'>exempli</span> <span class='ocrx_word' id='word_1_40' title='bbox 855 539 1133 576; x_wconf 82' lang='lat' dir='ltr'>Leunclaviani</span> <span class='ocrx_word' id='word_1_41' title='bbox 1165 549 1237 574; x_wconf 91' lang='lat' dir='ltr'>non</span> <span class='ocrx_word' id='word_1_42' title='bbox 1268 538 1377 574; x_wconf 88' lang='lat' dir='ltr'>modo</span> <span class='ocrx_word' id='word_1_43' title='bbox 1406 536 1526 581; x_wconf 85' lang='lat' dir='ltr'>illius,</span> 
     </span>
     <span class='ocr_line' id='line_1_7' title="bbox 121 594 1526 646; baseline -0.002 -14"><span class='ocrx_word' id='word_1_44' title='bbox 121 598 170 633; x_wconf 93' lang='lat' dir='ltr'>de</span> <span class='ocrx_word' id='word_1_45' title='bbox 209 608 282 644; x_wconf 88' lang='lat' dir='ltr'>quo</span> <span class='ocrx_word' id='word_1_46' title='bbox 314 598 505 646; x_wconf 80' lang='lat' dir='ltr'>diximus,</span> <span class='ocrx_word' id='word_1_47' title='bbox 547 597 708 645; x_wconf 87' lang='lat' dir='ltr'>generis</span> <span class='ocrx_word' id='word_1_48' title='bbox 737 597 1007 633; x_wconf 75' lang='lat' dir='ltr'>annotationes</span> <span class='ocrx_word' id='word_1_49' title='bbox 1043 595 1273 641; x_wconf 85' lang='lat' dir='ltr'>scripserat,</span> <span class='ocrx_word' id='word_1_50' title='bbox 1312 594 1381 630; x_wconf 90' lang='lat' dir='ltr'>sed</span> <span class='ocrx_word' id='word_1_51' title='bbox 1412 594 1526 630; x_wconf 87' lang='lat' dir='ltr'>etiam</span> 
     </span>
     <span class='ocr_line' id='line_1_8' title="bbox 121 653 1528 699; baseline -0.004 -9"><span class='ocrx_word' id='word_1_52' title='bbox 121 664 255 691; x_wconf 86' lang='lat' dir='ltr'>omnes</span> <span class='ocrx_word' id='word_1_53' title='bbox 294 653 637 690; x_wconf 81' lang='lat' dir='ltr'>Grammaticorum</span> <span class='ocrx_word' id='word_1_54' title='bbox 676 664 722 689; x_wconf 90' lang='lat' dir='ltr'>ac</span> <span class='ocrx_word' id='word_1_55' title='bbox 760 654 844 689; x_wconf 84' lang='lat' dir='ltr'>fere</span> <span class='ocrx_word' id='word_1_56' title='bbox 886 653 1123 699; x_wconf 86' lang='lat' dir='ltr'>Scriptorum</span> <span class='ocrx_word' id='word_1_57' title='bbox 1167 653 1272 688; x_wconf 92' lang='lat' dir='ltr'>locos</span> <span class='ocrx_word' id='word_1_58' title='bbox 1314 653 1528 695; x_wconf 88' lang='lat' dir='ltr'>notaverat,</span> 
     </span>
     <span class='ocr_line' id='line_1_9' title="bbox 123 706 1528 758; baseline -0.004 -12"><span class='ocrx_word' id='word_1_59' title='bbox 123 709 189 756; x_wconf 89' lang='lat' dir='ltr'>qui</span> <span class='ocrx_word' id='word_1_60' title='bbox 228 711 337 747; x_wconf 84' lang='lat' dir='ltr'>locos</span> <span class='ocrx_word' id='word_1_61' title='bbox 373 710 645 756; x_wconf 82' lang='lat' dir='ltr'>Xenophontis</span> <span class='ocrx_word' id='word_1_62' title='bbox 682 710 922 758; x_wconf 83' lang='lat' dir='ltr'>attigissent.</span> <span class='ocrx_word' id='word_1_63' title='bbox 981 709 1107 756; x_wconf 83' lang='lat' dir='ltr'>Igitur</span> <span class='ocrx_word' id='word_1_64' title='bbox 1145 709 1195 744; x_wconf 86' lang='lat' dir='ltr'>ad</span> <span class='ocrx_word' id='word_1_65' title='bbox 1234 709 1401 743; x_wconf 86' lang='lat' dir='ltr'>Veteres</span> <span class='ocrx_word' id='word_1_66' title='bbox 1440 706 1528 752; x_wconf 90' lang='lat' dir='ltr'>ple-</span> 
     </span>
     <span class='ocr_line' id='line_1_10' title="bbox 122 764 1528 813; baseline -0.003 -11"><span class='ocrx_word' id='word_1_67' title='bbox 122 776 264 812; x_wconf 90' lang='lat' dir='ltr'>rosque</span> <span class='ocrx_word' id='word_1_68' title='bbox 294 767 513 813; x_wconf 83' lang='lat' dir='ltr'>Scriptores</span> <span class='ocrx_word' id='word_1_69' title='bbox 545 766 765 802; x_wconf 87' lang='lat' dir='ltr'>tractandos</span> <span class='ocrx_word' id='word_1_70' title='bbox 797 766 912 801; x_wconf 81' lang='lat' dir='ltr'>etiam</span> <span class='ocrx_word' id='word_1_71' title='bbox 943 765 977 801; x_wconf 90' lang='lat' dir='ltr'>si</span> <span class='ocrx_word' id='word_1_72' title='bbox 1000 764 1127 800; x_wconf 83' lang='lat' dir='ltr'>subito</span> <span class='ocrx_word' id='word_1_73' title='bbox 1159 764 1378 805; x_wconf 83' lang='lat' dir='ltr'>accederet,</span> <span class='ocrx_word' id='word_1_74' title='bbox 1411 773 1528 798; x_wconf 88' lang='lat' dir='ltr'>num-</span> 
     </span>
     <span class='ocr_line' id='line_1_11' title="bbox 124 819 1528 870; baseline -0.003 -12"><span class='ocrx_word' id='word_1_75' title='bbox 124 833 234 868; x_wconf 88' lang='lat' dir='ltr'>quam</span> <span class='ocrx_word' id='word_1_76' title='bbox 266 823 478 870; x_wconf 88' lang='lat' dir='ltr'>imparatus</span> <span class='ocrx_word' id='word_1_77' title='bbox 509 823 732 858; x_wconf 81' lang='lat' dir='ltr'>accedebat.</span> <span class='ocrx_word' id='word_1_78' title='bbox 792 823 910 858; x_wconf 89' lang='lat' dir='ltr'>Porro</span> <span class='ocrx_word' id='word_1_79' title='bbox 940 824 1147 858; x_wconf 82' lang='lat' dir='ltr'>Ernestum</span> <span class='ocrx_word' id='word_1_80' title='bbox 1179 821 1431 857; x_wconf 85' lang='lat' dir='ltr'>vehementer</span> <span class='ocrx_word' id='word_1_81' title='bbox 1463 819 1528 854; x_wconf 90' lang='lat' dir='ltr'>di-</span> 
     </span>
     <span class='ocr_line' id='line_1_12' title="bbox 124 876 1529 927; baseline -0.003 -13"><span class='ocrx_word' id='word_1_82' title='bbox 124 879 294 927; x_wconf 83' lang='lat' dir='ltr'>ligebat,</span> <span class='ocrx_word' id='word_1_83' title='bbox 337 889 424 914; x_wconf 91' lang='lat' dir='ltr'>cum</span> <span class='ocrx_word' id='word_1_84' title='bbox 463 879 562 924; x_wconf 88' lang='lat' dir='ltr'>quod</span> <span class='ocrx_word' id='word_1_85' title='bbox 599 879 646 913; x_wconf 88' lang='lat' dir='ltr'>ab</span> <span class='ocrx_word' id='word_1_86' title='bbox 685 879 751 913; x_wconf 92' lang='lat' dir='ltr'>illo</span> <span class='ocrx_word' id='word_1_87' title='bbox 790 878 876 924; x_wconf 88' lang='lat' dir='ltr'>ipse</span> <span class='ocrx_word' id='word_1_88' title='bbox 913 878 1164 925; x_wconf 83' lang='lat' dir='ltr'>diligeretur,</span> <span class='ocrx_word' id='word_1_89' title='bbox 1204 881 1283 913; x_wconf 88' lang='lat' dir='ltr'>tum</span> <span class='ocrx_word' id='word_1_90' title='bbox 1320 876 1420 922; x_wconf 91' lang='lat' dir='ltr'>quod</span> <span class='ocrx_word' id='word_1_91' title='bbox 1461 885 1529 911; x_wconf 87' lang='lat' dir='ltr'>eos</span> 
     </span>
     <span class='ocr_line' id='line_1_13' title="bbox 124 933 1530 982; baseline -0.004 -12"><span class='ocrx_word' id='word_1_92' title='bbox 124 935 308 981; x_wconf 83' lang='lat' dir='ltr'>quaedam</span> <span class='ocrx_word' id='word_1_93' title='bbox 339 934 459 970; x_wconf 91' lang='lat' dir='ltr'>animi</span> <span class='ocrx_word' id='word_1_94' title='bbox 489 938 528 970; x_wconf 90' lang='lat' dir='ltr'>et</span> <span class='ocrx_word' id='word_1_95' title='bbox 557 934 749 982; x_wconf 86' lang='lat' dir='ltr'>elegantis</span> <span class='ocrx_word' id='word_1_96' title='bbox 779 934 977 969; x_wconf 88' lang='lat' dir='ltr'>doctrinae</span> <span class='ocrx_word' id='word_1_97' title='bbox 1008 933 1219 968; x_wconf 89' lang='lat' dir='ltr'>similitudo</span> <span class='ocrx_word' id='word_1_98' title='bbox 1250 933 1530 980; x_wconf 86' lang='lat' dir='ltr'>coniungeret:</span> 
     </span>
     <span class='ocr_line' id='line_1_14' title="bbox 124 987 1530 1037; baseline -0.004 -10"><span class='ocrx_word' id='word_1_99' title='bbox 124 994 165 1027; x_wconf 89' lang='lat' dir='ltr'>et</span> <span class='ocrx_word' id='word_1_100' title='bbox 201 990 507 1037; x_wconf 88' lang='lat' dir='ltr'>quandoquidem</span> <span class='ocrx_word' id='word_1_101' title='bbox 538 990 573 1026; x_wconf 87' lang='lat' dir='ltr'>is</span> <span class='ocrx_word' id='word_1_102' title='bbox 602 990 887 1036; x_wconf 75' lang='lat' dir='ltr'>Xenophonteo</span> <span class='ocrx_word' id='word_1_103' title='bbox 931 989 1205 1033; x_wconf 78' lang='lat' dir='ltr'>Memorabilia</span> <span class='ocrx_word' id='word_1_104' title='bbox 1242 988 1401 1034; x_wconf 88' lang='lat' dir='ltr'>saepius</span> <span class='ocrx_word' id='word_1_105' title='bbox 1441 987 1530 1023; x_wconf 88' lang='lat' dir='ltr'>edi-</span> 
     </span>
     <span class='ocr_line' id='line_1_15' title="bbox 123 1044 1534 1093; baseline -0.003 -11"><span class='ocrx_word' id='word_1_106' title='bbox 123 1047 270 1092; x_wconf 88' lang='lat' dir='ltr'>disset,</span> <span class='ocrx_word' id='word_1_107' title='bbox 311 1046 382 1083; x_wconf 84' lang='lat' dir='ltr'>sed</span> <span class='ocrx_word' id='word_1_108' title='bbox 419 1057 486 1093; x_wconf 85' lang='lat' dir='ltr'>pro</span> <span class='ocrx_word' id='word_1_109' title='bbox 524 1056 629 1082; x_wconf 91' lang='lat' dir='ltr'>more</span> <span class='ocrx_word' id='word_1_110' title='bbox 667 1047 753 1093; x_wconf 90' lang='lat' dir='ltr'>ipse</span> <span class='ocrx_word' id='word_1_111' title='bbox 794 1057 866 1082; x_wconf 87' lang='lat' dir='ltr'>suo</span> <span class='ocrx_word' id='word_1_112' title='bbox 906 1050 944 1082; x_wconf 88' lang='lat' dir='ltr'>et</span> <span class='ocrx_word' id='word_1_113' title='bbox 983 1046 1060 1082; x_wconf 89' lang='lat' dir='ltr'>levi</span> <span class='ocrx_word' id='word_1_114' title='bbox 1101 1049 1313 1092; x_wconf 78' lang='lat' dir='ltr'>apparatu3</span> <span class='ocrx_word' id='word_1_115' title='bbox 1351 1044 1534 1090; x_wconf 88' lang='lat' dir='ltr'>cupiebat</span> 
     </span>
     <span class='ocr_line' id='line_1_16' title="bbox 124 1102 1533 1148; baseline -0.002 -10"><span class='ocrx_word' id='word_1_116' title='bbox 124 1103 387 1148; x_wconf 59' lang='lat' dir='ltr'>Ruhnkenius</span> <span class='ocrx_word' id='word_1_117' title='bbox 425 1104 635 1140; x_wconf 79' lang='lat' dir='ltr'>Ernestum</span> <span class='ocrx_word' id='word_1_118' title='bbox 677 1113 775 1138; x_wconf 87' lang='lat' dir='ltr'>nova</span> <span class='ocrx_word' id='word_1_119' title='bbox 813 1103 984 1139; x_wconf 89' lang='lat' dir='ltr'>editione</span> <span class='ocrx_word' id='word_1_120' title='bbox 1015 1113 1156 1148; x_wconf 84' lang='lat' dir='ltr'>operae</span> <span class='ocrx_word' id='word_1_121' title='bbox 1195 1102 1361 1148; x_wconf 90' lang='lat' dir='ltr'>pretium</span> <span class='ocrx_word' id='word_1_122' title='bbox 1399 1102 1533 1136; x_wconf 83' lang='lat' dir='ltr'>facere</span> 
     </span>
     <span class='ocr_line' id='line_1_17' title="bbox 125 1156 1533 1206; baseline -0.002 -11"><span class='ocrx_word' id='word_1_123' title='bbox 125 1169 298 1205; x_wconf 84' lang='lat' dir='ltr'>suaeque</span> <span class='ocrx_word' id='word_1_124' title='bbox 343 1159 469 1206; x_wconf 86' lang='lat' dir='ltr'>ipsum</span> <span class='ocrx_word' id='word_1_125' title='bbox 522 1159 800 1195; x_wconf 84' lang='lat' dir='ltr'>existimationi</span> <span class='ocrx_word' id='word_1_126' title='bbox 846 1159 946 1205; x_wconf 88' lang='lat' dir='ltr'>apud</span> <span class='ocrx_word' id='word_1_127' title='bbox 993 1159 1140 1205; x_wconf 88' lang='lat' dir='ltr'>peritos</span> <span class='ocrx_word' id='word_1_128' title='bbox 1187 1157 1343 1204; x_wconf 88' lang='lat' dir='ltr'>quidem</span> <span class='ocrx_word' id='word_1_129' title='bbox 1380 1156 1533 1193; x_wconf 86' lang='lat' dir='ltr'>iudices</span> 
     </span>
     <span class='ocr_line' id='line_1_18' title="bbox 126 1212 1533 1261; baseline -0.004 -9"><span class='ocrx_word' id='word_1_130' title='bbox 126 1215 345 1258; x_wconf 88' lang='lat' dir='ltr'>consulere,</span> <span class='ocrx_word' id='word_1_131' title='bbox 374 1215 503 1261; x_wconf 89' lang='lat' dir='ltr'>eique,</span> <span class='ocrx_word' id='word_1_132' title='bbox 533 1215 580 1250; x_wconf 90' lang='lat' dir='ltr'>ad</span> <span class='ocrx_word' id='word_1_133' title='bbox 606 1215 812 1251; x_wconf 86' lang='lat' dir='ltr'>ornandam</span> <span class='ocrx_word' id='word_1_134' title='bbox 841 1226 979 1250; x_wconf 89' lang='lat' dir='ltr'>novam</span> <span class='ocrx_word' id='word_1_135' title='bbox 1010 1215 1235 1258; x_wconf 85' lang='lat' dir='ltr'>editionem,</span> <span class='ocrx_word' id='word_1_136' title='bbox 1263 1214 1394 1249; x_wconf 86' lang='lat' dir='ltr'>varias</span> <span class='ocrx_word' id='word_1_137' title='bbox 1425 1212 1533 1249; x_wconf 87' lang='lat' dir='ltr'>codi-</span> 
     </span>
     <span class='ocr_line' id='line_1_19' title="bbox 127 1268 1535 1318; baseline -0.003 -11"><span class='ocrx_word' id='word_1_138' title='bbox 127 1282 216 1308; x_wconf 90' lang='lat' dir='ltr'>cum</span> <span class='ocrx_word' id='word_1_139' title='bbox 245 1270 478 1318; x_wconf 79' lang='lat' dir='ltr'>scriptorum</span> <span class='ocrx_word' id='word_1_140' title='bbox 507 1271 698 1307; x_wconf 90' lang='lat' dir='ltr'>lectiones</span> <span class='ocrx_word' id='word_1_141' title='bbox 728 1275 766 1307; x_wconf 91' lang='lat' dir='ltr'>et</span> <span class='ocrx_word' id='word_1_142' title='bbox 796 1282 889 1307; x_wconf 87' lang='lat' dir='ltr'>suas</span> <span class='ocrx_word' id='word_1_143' title='bbox 929 1271 1014 1316; x_wconf 92' lang='lat' dir='ltr'>ipse</span> <span class='ocrx_word' id='word_1_144' title='bbox 1044 1269 1404 1306; x_wconf 87' lang='lat' dir='ltr'>animadversiones</span> <span class='ocrx_word' id='word_1_145' title='bbox 1435 1268 1535 1304; x_wconf 89' lang='lat' dir='ltr'>sub-</span> 
     </span>
     <span class='ocr_line' id='line_1_20' title="bbox 125 1325 1534 1375; baseline -0.003 -11"><span class='ocrx_word' id='word_1_146' title='bbox 125 1328 320 1364; x_wconf 88' lang='lat' dir='ltr'>mittebat:</span> <span class='ocrx_word' id='word_1_147' title='bbox 366 1337 481 1374; x_wconf 89' lang='lat' dir='ltr'>porro</span> <span class='ocrx_word' id='word_1_148' title='bbox 521 1327 786 1364; x_wconf 88' lang='lat' dir='ltr'>Valckenario</span> <span class='ocrx_word' id='word_1_149' title='bbox 827 1327 1105 1375; x_wconf 81' lang='lat' dir='ltr'>persuadebat,</span> <span class='ocrx_word' id='word_1_150' title='bbox 1154 1331 1197 1362; x_wconf 89' lang='lat' dir='ltr'>ut</span> <span class='ocrx_word' id='word_1_151' title='bbox 1235 1329 1274 1362; x_wconf 89' lang='lat' dir='ltr'>et</span> <span class='ocrx_word' id='word_1_152' title='bbox 1312 1325 1398 1372; x_wconf 91' lang='lat' dir='ltr'>ipse</span> <span class='ocrx_word' id='word_1_153' title='bbox 1440 1335 1534 1361; x_wconf 86' lang='lat' dir='ltr'>suas</span> 
     </span>
     <span class='ocr_line' id='line_1_21' title="bbox 126 1380 1626 1432; baseline -0.002 -12"><span class='ocrx_word' id='word_1_154' title='bbox 126 1383 397 1420; x_wconf 83' lang='lat' dir='ltr'>annotationes</span> <span class='ocrx_word' id='word_1_155' title='bbox 444 1383 688 1432; x_wconf 87' lang='lat' dir='ltr'>adiungeret.</span> <span class='ocrx_word' id='word_1_156' title='bbox 749 1384 827 1420; x_wconf 87' lang='lat' dir='ltr'>Sed</span> <span class='ocrx_word' id='word_1_157' title='bbox 874 1384 947 1420; x_wconf 91' lang='lat' dir='ltr'>hoc</span> <span class='ocrx_word' id='word_1_158' title='bbox 988 1384 1186 1431; x_wconf 83' lang='lat' dir='ltr'>negotium</span> <span class='ocrx_word' id='word_1_159' title='bbox 1226 1382 1389 1418; x_wconf 84' lang='lat' dir='ltr'>similem</span> <span class='ocrx_word' id='word_1_160' title='bbox 1434 1380 1626 1429; x_wconf 85' lang='lat' dir='ltr'>fere,156</span> 
     </span>
     <span class='ocr_line' id='line_1_22' title="bbox 127 1438 1533 1487; baseline -0.003 -10"><span class='ocrx_word' id='word_1_161' title='bbox 127 1443 242 1487; x_wconf 87' lang='lat' dir='ltr'>atque</span> <span class='ocrx_word' id='word_1_162' title='bbox 271 1440 310 1477; x_wconf 90' lang='lat' dir='ltr'>in</span> <span class='ocrx_word' id='word_1_163' title='bbox 335 1440 606 1477; x_wconf 55' lang='lat' dir='ltr'>‘Callimachea</span> <span class='ocrx_word' id='word_1_164' title='bbox 636 1440 819 1486; x_wconf 89' lang='lat' dir='ltr'>editione,</span> <span class='ocrx_word' id='word_1_165' title='bbox 850 1440 985 1477; x_wconf 88' lang='lat' dir='ltr'>habuit</span> <span class='ocrx_word' id='word_1_166' title='bbox 1014 1440 1173 1477; x_wconf 84' lang='lat' dir='ltr'>exitum.</span> <span class='ocrx_word' id='word_1_167' title='bbox 1222 1440 1322 1475; x_wconf 87' lang='lat' dir='ltr'>Nam</span> <span class='ocrx_word' id='word_1_168' title='bbox 1355 1438 1533 1474; x_wconf 87' lang='lat' dir='ltr'>Valcke-</span> 
     </span>
     <span class='ocr_line' id='line_1_23' title="bbox 127 1495 1536 1543; baseline -0.002 -10"><span class='ocrx_word' id='word_1_169' title='bbox 127 1497 260 1533; x_wconf 86' lang='lat' dir='ltr'>narius</span> <span class='ocrx_word' id='word_1_170' title='bbox 290 1497 377 1533; x_wconf 89' lang='lat' dir='ltr'>dum</span> <span class='ocrx_word' id='word_1_171' title='bbox 408 1497 679 1543; x_wconf 86' lang='lat' dir='ltr'>Xenophontis</span> <span class='ocrx_word' id='word_1_172' title='bbox 709 1497 818 1533; x_wconf 91' lang='lat' dir='ltr'>locos</span> <span class='ocrx_word' id='word_1_173' title='bbox 848 1497 1087 1543; x_wconf 81' lang='lat' dir='ltr'>attingebat.</span> <span class='ocrx_word' id='word_1_174' title='bbox 1125 1496 1239 1531; x_wconf 89' lang='lat' dir='ltr'>simul</span> <span class='ocrx_word' id='word_1_175' title='bbox 1269 1495 1536 1542; x_wconf 88' lang='lat' dir='ltr'>reprehende-</span> 
     </span>
     <span class='ocr_line' id='line_1_24' title="bbox 127 1550 1534 1599; baseline -0.002 -10"><span class='ocrx_word' id='word_1_176' title='bbox 127 1554 194 1590; x_wconf 88' lang='lat' dir='ltr'>bat</span> <span class='ocrx_word' id='word_1_177' title='bbox 230 1554 459 1599; x_wconf 82' lang='lat' dir='ltr'>Ernestum,</span> <span class='ocrx_word' id='word_1_178' title='bbox 496 1553 613 1599; x_wconf 86' lang='lat' dir='ltr'>idque</span> <span class='ocrx_word' id='word_1_179' title='bbox 651 1553 815 1590; x_wconf 84' lang='lat' dir='ltr'>candide</span> <span class='ocrx_word' id='word_1_180' title='bbox 845 1557 883 1589; x_wconf 92' lang='lat' dir='ltr'>et</span> <span class='ocrx_word' id='word_1_181' title='bbox 917 1552 1166 1599; x_wconf 87' lang='lat' dir='ltr'>simpliciter,</span> <span class='ocrx_word' id='word_1_182' title='bbox 1209 1552 1336 1588; x_wconf 88' lang='lat' dir='ltr'>sicubi</span> <span class='ocrx_word' id='word_1_183' title='bbox 1375 1562 1462 1587; x_wconf 91' lang='lat' dir='ltr'>eum</span> <span class='ocrx_word' id='word_1_184' title='bbox 1493 1550 1534 1587; x_wconf 89' lang='lat' dir='ltr'>in</span> 
     </span>
     <span class='ocr_line' id='line_1_25' title="bbox 129 1607 1534 1656; baseline -0.002 -11"><span class='ocrx_word' id='word_1_185' title='bbox 129 1610 258 1656; x_wconf 87' lang='lat' dir='ltr'>priore</span> <span class='ocrx_word' id='word_1_186' title='bbox 305 1608 475 1646; x_wconf 89' lang='lat' dir='ltr'>editione</span> <span class='ocrx_word' id='word_1_187' title='bbox 513 1620 669 1645; x_wconf 88' lang='lat' dir='ltr'>errasse</span> <span class='ocrx_word' id='word_1_188' title='bbox 716 1609 1044 1655; x_wconf 89' lang='lat' dir='ltr'>deprehenderet:</span> <span class='ocrx_word' id='word_1_189' title='bbox 1091 1609 1224 1654; x_wconf 89' lang='lat' dir='ltr'>itaque</span> <span class='ocrx_word' id='word_1_190' title='bbox 1273 1607 1534 1644; x_wconf 90' lang='lat' dir='ltr'>correctiones</span> 
     </span>
     <span class='ocr_line' id='line_1_26' title="bbox 132 1663 1534 1713; baseline -0.003 -11"><span class='ocrx_word' id='word_1_191' title='bbox 132 1675 206 1702; x_wconf 92' lang='lat' dir='ltr'>non</span> <span class='ocrx_word' id='word_1_192' title='bbox 242 1665 369 1713; x_wconf 81' lang='lat' dir='ltr'>magis</span> <span class='ocrx_word' id='word_1_193' title='bbox 399 1665 439 1701; x_wconf 91' lang='lat' dir='ltr'>in</span> <span class='ocrx_word' id='word_1_194' title='bbox 477 1666 798 1711; x_wconf 86' lang='lat' dir='ltr'>Xenophontem,</span> <span class='ocrx_word' id='word_1_195' title='bbox 837 1676 950 1711; x_wconf 88' lang='lat' dir='ltr'>quam</span> <span class='ocrx_word' id='word_1_196' title='bbox 980 1666 1017 1702; x_wconf 91' lang='lat' dir='ltr'>in</span> <span class='ocrx_word' id='word_1_197' title='bbox 1057 1667 1287 1711; x_wconf 83' lang='lat' dir='ltr'>Ernestum,</span> <span class='ocrx_word' id='word_1_198' title='bbox 1327 1663 1534 1709; x_wconf 86' lang='lat' dir='ltr'>scribebat,</span> 
     </span>
     <span class='ocr_line' id='line_1_27' title="bbox 129 1719 1533 1770; baseline -0.002 -13"><span class='ocrx_word' id='word_1_199' title='bbox 129 1731 292 1767; x_wconf 80' lang='lat' dir='ltr'>sperans</span> <span class='ocrx_word' id='word_1_200' title='bbox 332 1732 378 1757; x_wconf 85' lang='lat' dir='ltr'>ea</span> <span class='ocrx_word' id='word_1_201' title='bbox 425 1732 470 1762; x_wconf 88' lang='lat' dir='ltr'>se</span> <span class='ocrx_word' id='word_1_202' title='bbox 508 1722 714 1770; x_wconf 88' lang='lat' dir='ltr'>diligentia</span> <span class='ocrx_word' id='word_1_203' title='bbox 750 1723 885 1758; x_wconf 87' lang='lat' dir='ltr'>bonam</span> <span class='ocrx_word' id='word_1_204' title='bbox 934 1721 1061 1768; x_wconf 86' lang='lat' dir='ltr'>potius</span> <span class='ocrx_word' id='word_1_205' title='bbox 1101 1731 1213 1767; x_wconf 87' lang='lat' dir='ltr'>quam</span> <span class='ocrx_word' id='word_1_206' title='bbox 1253 1721 1390 1756; x_wconf 90' lang='lat' dir='ltr'>malam</span> <span class='ocrx_word' id='word_1_207' title='bbox 1430 1719 1533 1765; x_wconf 87' lang='lat' dir='ltr'>apud</span> 
     </span>
     <span class='ocr_line' id='line_1_28' title="bbox 130 1776 1534 1826; baseline -0.003 -12"><span class='ocrx_word' id='word_1_208' title='bbox 130 1779 235 1814; x_wconf 92' lang='lat' dir='ltr'>hunc</span> <span class='ocrx_word' id='word_1_209' title='bbox 280 1778 446 1826; x_wconf 81' lang='lat' dir='ltr'>gratiam</span> <span class='ocrx_word' id='word_1_210' title='bbox 484 1777 681 1814; x_wconf 89' lang='lat' dir='ltr'>initurum.</span> <span class='ocrx_word' id='word_1_211' title='bbox 740 1779 848 1821; x_wconf 84' lang='lat' dir='ltr'>Quod</span> <span class='ocrx_word' id='word_1_212' title='bbox 897 1778 1012 1823; x_wconf 87' lang='lat' dir='ltr'>paulo</span> <span class='ocrx_word' id='word_1_213' title='bbox 1058 1788 1174 1812; x_wconf 90' lang='lat' dir='ltr'>secus</span> <span class='ocrx_word' id='word_1_214' title='bbox 1223 1776 1366 1813; x_wconf 89' lang='lat' dir='ltr'>evenit.</span> <span class='ocrx_word' id='word_1_215' title='bbox 1425 1777 1534 1812; x_wconf 88' lang='lat' dir='ltr'>Haec</span> 
     </span>
     <span class='ocr_line' id='line_1_29' title="bbox 128 1831 1534 1882; baseline -0.002 -12"><span class='ocrx_word' id='word_1_216' title='bbox 128 1835 297 1871; x_wconf 84' lang='lat' dir='ltr'>Ernesto</span> <span class='ocrx_word' id='word_1_217' title='bbox 334 1842 499 1870; x_wconf 85' lang='lat' dir='ltr'>censura</span> <span class='ocrx_word' id='word_1_218' title='bbox 530 1834 656 1876; x_wconf 84' lang='lat' dir='ltr'>minus</span> <span class='ocrx_word' id='word_1_219' title='bbox 695 1838 810 1882; x_wconf 84' lang='lat' dir='ltr'>grata</span> <span class='ocrx_word' id='word_1_220' title='bbox 843 1833 1064 1869; x_wconf 89' lang='lat' dir='ltr'>accidebat:</span> <span class='ocrx_word' id='word_1_221' title='bbox 1103 1843 1237 1879; x_wconf 82' lang='lat' dir='ltr'>parum</span> <span class='ocrx_word' id='word_1_222' title='bbox 1278 1834 1411 1869; x_wconf 83' lang='lat' dir='ltr'>aberat</span> <span class='ocrx_word' id='word_1_223' title='bbox 1441 1831 1534 1878; x_wconf 88' lang='lat' dir='ltr'>quin</span> 
     </span>
     <span class='ocr_line' id='line_1_30' title="bbox 129 1888 1536 1936; baseline -0.002 -10"><span class='ocrx_word' id='word_1_224' title='bbox 129 1893 246 1926; x_wconf 89' lang='lat' dir='ltr'>totam</span> <span class='ocrx_word' id='word_1_225' title='bbox 294 1890 548 1927; x_wconf 88' lang='lat' dir='ltr'>Valckenarii</span> <span class='ocrx_word' id='word_1_226' title='bbox 585 1900 742 1936; x_wconf 87' lang='lat' dir='ltr'>operam</span> <span class='ocrx_word' id='word_1_227' title='bbox 782 1890 830 1926; x_wconf 89' lang='lat' dir='ltr'>ab</span> <span class='ocrx_word' id='word_1_228' title='bbox 870 1889 1049 1925; x_wconf 86' lang='lat' dir='ltr'>instituta</span> <span class='ocrx_word' id='word_1_229' title='bbox 1085 1889 1257 1925; x_wconf 89' lang='lat' dir='ltr'>editione</span> <span class='ocrx_word' id='word_1_230' title='bbox 1297 1888 1536 1925; x_wconf 84' lang='lat' dir='ltr'>excluderet.</span> 
     </span>
     <span class='ocr_line' id='line_1_31' title="bbox 129 1940 1535 1993; baseline -0.003 -10"><span class='ocrx_word' id='word_1_231' title='bbox 129 1946 354 1984; x_wconf 86' lang='lat' dir='ltr'>Ruhnkenii</span> <span class='ocrx_word' id='word_1_232' title='bbox 393 1940 521 1982; x_wconf 81' lang='lat' dir='ltr'>tamen</span> <span class='ocrx_word' id='word_1_233' title='bbox 559 1946 718 1982; x_wconf 89' lang='lat' dir='ltr'>arbitrio</span> <span class='ocrx_word' id='word_1_234' title='bbox 757 1947 901 1981; x_wconf 82' lang='lat' dir='ltr'>factum</span> <span class='ocrx_word' id='word_1_235' title='bbox 941 1948 1025 1993; x_wconf 90' lang='lat' dir='ltr'>est,</span> <span class='ocrx_word' id='word_1_236' title='bbox 1072 1949 1114 1981; x_wconf 93' lang='lat' dir='ltr'>ut</span> <span class='ocrx_word' id='word_1_237' title='bbox 1143 1945 1287 1992; x_wconf 86' lang='lat' dir='ltr'>partis,</span> <span class='ocrx_word' id='word_1_238' title='bbox 1334 1955 1410 1991; x_wconf 89' lang='lat' dir='ltr'>qua</span> <span class='ocrx_word' id='word_1_239' title='bbox 1449 1944 1535 1990; x_wconf 88' lang='lat' dir='ltr'>ipse</span> 
     </span>
     <span class='ocr_line' id='line_1_32' title="bbox 129 2001 1536 2051; baseline -0.002 -12"><span class='ocrx_word' id='word_1_240' title='bbox 129 2003 412 2051; x_wconf 83' lang='lat' dir='ltr'>corrigeretur,</span> <span class='ocrx_word' id='word_1_241' title='bbox 456 2002 643 2037; x_wconf 86' lang='lat' dir='ltr'>rationem</span> <span class='ocrx_word' id='word_1_242' title='bbox 681 2002 839 2037; x_wconf 87' lang='lat' dir='ltr'>haberet</span> <span class='ocrx_word' id='word_1_243' title='bbox 870 2004 1048 2046; x_wconf 85' lang='lat' dir='ltr'>quantam</span> <span class='ocrx_word' id='word_1_244' title='bbox 1089 2001 1174 2047; x_wconf 88' lang='lat' dir='ltr'>ipse</span> <span class='ocrx_word' id='word_1_245' title='bbox 1204 2001 1348 2050; x_wconf 80' lang='lat' dir='ltr'>vellet,</span> <span class='ocrx_word' id='word_1_246' title='bbox 1391 2001 1536 2036; x_wconf 85' lang='lat' dir='ltr'>omissa</span> 
     </span>
     <span class='ocr_line' id='line_1_33' title="bbox 132 2057 1536 2095; baseline -0.002 0"><span class='ocrx_word' id='word_1_247' title='bbox 132 2058 390 2095; x_wconf 88' lang='lat' dir='ltr'>Valckenarii</span> <span class='ocrx_word' id='word_1_248' title='bbox 427 2058 640 2094; x_wconf 78' lang='lat' dir='ltr'>mentione:</span> <span class='ocrx_word' id='word_1_249' title='bbox 686 2061 724 2093; x_wconf 87' lang='lat' dir='ltr'>at</span> <span class='ocrx_word' id='word_1_250' title='bbox 754 2058 826 2093; x_wconf 89' lang='lat' dir='ltr'>sub</span> <span class='ocrx_word' id='word_1_251' title='bbox 865 2058 982 2093; x_wconf 84' lang='lat' dir='ltr'>huius</span> <span class='ocrx_word' id='word_1_252' title='bbox 1021 2058 1174 2093; x_wconf 87' lang='lat' dir='ltr'>nomine</span> <span class='ocrx_word' id='word_1_253' title='bbox 1214 2057 1373 2093; x_wconf 86' lang='lat' dir='ltr'>adderet</span> <span class='ocrx_word' id='word_1_254' title='bbox 1403 2057 1536 2093; x_wconf 89' lang='lat' dir='ltr'>libello</span> 
     </span>
     <span class='ocr_line' id='line_1_34' title="bbox 133 2113 1533 2161; baseline -0.002 -10"><span class='ocrx_word' id='word_1_255' title='bbox 133 2115 306 2161; x_wconf 88' lang='lat' dir='ltr'>reliquas</span> <span class='ocrx_word' id='word_1_256' title='bbox 335 2114 616 2158; x_wconf 88' lang='lat' dir='ltr'>annotationes,</span> <span class='ocrx_word' id='word_1_257' title='bbox 645 2124 744 2160; x_wconf 88' lang='lat' dir='ltr'>quae</span> <span class='ocrx_word' id='word_1_258' title='bbox 770 2114 816 2149; x_wconf 88' lang='lat' dir='ltr'>ad</span> <span class='ocrx_word' id='word_1_259' title='bbox 847 2113 972 2160; x_wconf 89' lang='lat' dir='ltr'>ipsum</span> <span class='ocrx_word' id='word_1_260' title='bbox 1002 2114 1300 2159; x_wconf 82' lang='lat' dir='ltr'>Xenophontem</span> <span class='ocrx_word' id='word_1_261' title='bbox 1331 2115 1533 2149; x_wconf 79' lang='lat' dir='ltr'>referren-</span> 
     </span>
     <span class='ocr_line' id='line_1_35' title="bbox 134 2169 1536 2218; baseline -0.002 -11"><span class='ocrx_word' id='word_1_262' title='bbox 134 2175 207 2208; x_wconf 90' lang='lat' dir='ltr'>tur.</span> <span class='ocrx_word' id='word_1_263' title='bbox 263 2172 345 2207; x_wconf 78' lang='lat' dir='ltr'>nae</span> <span class='ocrx_word' id='word_1_264' title='bbox 374 2170 497 2218; x_wconf 84' lang='lat' dir='ltr'>igitur</span> <span class='ocrx_word' id='word_1_265' title='bbox 525 2170 628 2206; x_wconf 86' lang='lat' dir='ltr'>unde</span> <span class='ocrx_word' id='word_1_266' title='bbox 657 2171 703 2206; x_wconf 86' lang='lat' dir='ltr'>ad</span> <span class='ocrx_word' id='word_1_267' title='bbox 735 2171 836 2206; x_wconf 87' lang='lat' dir='ltr'>hanc</span> <span class='ocrx_word' id='word_1_268' title='bbox 866 2170 1096 2216; x_wconf 88' lang='lat' dir='ltr'>paucitatem</span> <span class='ocrx_word' id='word_1_269' title='bbox 1128 2181 1175 2205; x_wconf 87' lang='lat' dir='ltr'>ac</span> <span class='ocrx_word' id='word_1_270' title='bbox 1205 2169 1436 2206; x_wconf 88' lang='lat' dir='ltr'>brevitatem</span> <span class='ocrx_word' id='word_1_271' title='bbox 1467 2179 1536 2204; x_wconf 91' lang='lat' dir='ltr'>re-</span> 
     </span>
     <span class='ocr_line' id='line_1_36' title="bbox 135 2225 1537 2275; baseline -0.001 -13"><span class='ocrx_word' id='word_1_272' title='bbox 135 2227 298 2274; x_wconf 86' lang='lat' dir='ltr'>dierint,</span> <span class='ocrx_word' id='word_1_273' title='bbox 338 2227 413 2263; x_wconf 87' lang='lat' dir='ltr'>iam</span> <span class='ocrx_word' id='word_1_274' title='bbox 443 2226 686 2275; x_wconf 89' lang='lat' dir='ltr'>intelligitur.</span> <span class='ocrx_word' id='word_1_275' title='bbox 746 2227 808 2262; x_wconf 85' lang='lat' dir='ltr'>Ab</span> <span class='ocrx_word' id='word_1_276' title='bbox 839 2225 903 2262; x_wconf 88' lang='lat' dir='ltr'>illo</span> <span class='ocrx_word' id='word_1_277' title='bbox 933 2229 1101 2272; x_wconf 90' lang='lat' dir='ltr'>tempore</span> <span class='ocrx_word' id='word_1_278' title='bbox 1131 2225 1441 2262; x_wconf 86' lang='lat' dir='ltr'>Valckenarium</span> <span class='ocrx_word' id='word_1_279' title='bbox 1469 2225 1537 2261; x_wconf 89' lang='lat' dir='ltr'>in-</span> 
     </span>
     <span class='ocr_line' id='line_1_37' title="bbox 135 2281 1536 2331; baseline -0.001 -12"><span class='ocrx_word' id='word_1_280' title='bbox 135 2287 194 2319; x_wconf 87' lang='lat' dir='ltr'>ter</span> <span class='ocrx_word' id='word_1_281' title='bbox 230 2286 269 2319; x_wconf 92' lang='lat' dir='ltr'>et</span> <span class='ocrx_word' id='word_1_282' title='bbox 295 2285 525 2331; x_wconf 86' lang='lat' dir='ltr'>Ernestum‚</span> <span class='ocrx_word' id='word_1_283' title='bbox 565 2293 790 2329; x_wconf 87' lang='lat' dir='ltr'>quamquam</span> <span class='ocrx_word' id='word_1_284' title='bbox 821 2292 892 2318; x_wconf 89' lang='lat' dir='ltr'>nec</span> <span class='ocrx_word' id='word_1_285' title='bbox 928 2285 1042 2318; x_wconf 86' lang='lat' dir='ltr'>antea</span> <span class='ocrx_word' id='word_1_286' title='bbox 1072 2283 1199 2318; x_wconf 85' lang='lat' dir='ltr'>fuerat</span> <span class='ocrx_word' id='word_1_287' title='bbox 1236 2282 1379 2318; x_wconf 86' lang='lat' dir='ltr'>amoris</span> <span class='ocrx_word' id='word_1_288' title='bbox 1408 2281 1536 2329; x_wconf 88' lang='lat' dir='ltr'>ardor,</span> 
     </span>
     <span class='ocr_line' id='line_1_38' title="bbox 135 2338 1537 2387; baseline -0.002 -11"><span class='ocrx_word' id='word_1_289' title='bbox 135 2340 262 2387; x_wconf 87' lang='lat' dir='ltr'>magis</span> <span class='ocrx_word' id='word_1_290' title='bbox 292 2340 406 2376; x_wconf 88' lang='lat' dir='ltr'>etiam</span> <span class='ocrx_word' id='word_1_291' title='bbox 437 2340 512 2375; x_wconf 82' lang='lat' dir='ltr'>fuit</span> <span class='ocrx_word' id='word_1_292' title='bbox 542 2340 672 2387; x_wconf 84' lang='lat' dir='ltr'>frigus</span> <span class='ocrx_word' id='word_1_293' title='bbox 702 2343 740 2375; x_wconf 90' lang='lat' dir='ltr'>et</span> <span class='ocrx_word' id='word_1_294' title='bbox 770 2338 966 2384; x_wconf 88' lang='lat' dir='ltr'>suspicio:</span> <span class='ocrx_word' id='word_1_295' title='bbox 997 2348 1096 2384; x_wconf 89' lang='lat' dir='ltr'>quae</span> <span class='ocrx_word' id='word_1_296' title='bbox 1127 2349 1175 2374; x_wconf 90' lang='lat' dir='ltr'>ne</span> <span class='ocrx_word' id='word_1_297' title='bbox 1204 2339 1349 2374; x_wconf 88' lang='lat' dir='ltr'>sensim</span> <span class='ocrx_word' id='word_1_298' title='bbox 1379 2338 1420 2374; x_wconf 90' lang='lat' dir='ltr'>in</span> <span class='ocrx_word' id='word_1_299' title='bbox 1449 2348 1537 2373; x_wconf 87' lang='lat' dir='ltr'>ma-</span> 
     </span>
     <span class='ocr_line' id='line_1_39' title="bbox 135 2395 1538 2440; baseline -0.001 -8"><span class='ocrx_word' id='word_1_300' title='bbox 135 2395 256 2432; x_wconf 87' lang='lat' dir='ltr'>iorem</span> <span class='ocrx_word' id='word_1_301' title='bbox 286 2396 497 2432; x_wconf 81' lang='lat' dir='ltr'>animorum</span> <span class='ocrx_word' id='word_1_302' title='bbox 527 2395 824 2431; x_wconf 87' lang='lat' dir='ltr'>disiunctionem</span> <span class='ocrx_word' id='word_1_303' title='bbox 853 2395 996 2440; x_wconf 85' lang='lat' dir='ltr'>abiret,</span> <span class='ocrx_word' id='word_1_304' title='bbox 1027 2398 1159 2430; x_wconf 85' lang='lat' dir='ltr'>mutua</span> <span class='ocrx_word' id='word_1_305' title='bbox 1189 2398 1228 2430; x_wconf 89' lang='lat' dir='ltr'>et</span> <span class='ocrx_word' id='word_1_306' title='bbox 1258 2405 1343 2431; x_wconf 92' lang='lat' dir='ltr'>cum</span> <span class='ocrx_word' id='word_1_307' title='bbox 1374 2398 1538 2440; x_wconf 87' lang='lat' dir='ltr'>utroque</span> 
     </span>
     <span class='ocr_line' id='line_1_40' title="bbox 136 2450 1539 2501; baseline -0.001 -14"><span class='ocrx_word' id='word_1_308' title='bbox 136 2451 349 2501; x_wconf 86' lang='lat' dir='ltr'>communis</span> <span class='ocrx_word' id='word_1_309' title='bbox 393 2450 618 2489; x_wconf 90' lang='lat' dir='ltr'>Ruhnkenii</span> <span class='ocrx_word' id='word_1_310' title='bbox 655 2451 919 2488; x_wconf 86' lang='lat' dir='ltr'>benivolentia</span> <span class='ocrx_word' id='word_1_311' title='bbox 965 2451 1112 2487; x_wconf 82' lang='lat' dir='ltr'>effecit:</span> <span class='ocrx_word' id='word_1_312' title='bbox 1153 2451 1219 2497; x_wconf 88' lang='lat' dir='ltr'>qui</span> <span class='ocrx_word' id='word_1_313' title='bbox 1264 2450 1434 2487; x_wconf 86' lang='lat' dir='ltr'>naturali</span> <span class='ocrx_word' id='word_1_314' title='bbox 1471 2451 1539 2487; x_wconf 86' lang='lat' dir='ltr'>illa</span> 
     </span>
     <span class='ocr_line' id='line_1_41' title="bbox 135 2507 1538 2555; baseline -0.001 -11"><span class='ocrx_word' id='word_1_315' title='bbox 135 2507 289 2554; x_wconf 87' lang='lat' dir='ltr'>ipsique</span> <span class='ocrx_word' id='word_1_316' title='bbox 318 2508 473 2555; x_wconf 82' lang='lat' dir='ltr'>propria</span> <span class='ocrx_word' id='word_1_317' title='bbox 501 2508 693 2544; x_wconf 83' lang='lat' dir='ltr'>facilitate</span> <span class='ocrx_word' id='word_1_318' title='bbox 723 2519 768 2544; x_wconf 91' lang='lat' dir='ltr'>ac</span> <span class='ocrx_word' id='word_1_319' title='bbox 798 2507 1026 2543; x_wconf 85' lang='lat' dir='ltr'>liberalitate</span> <span class='ocrx_word' id='word_1_320' title='bbox 1051 2507 1256 2553; x_wconf 88' lang='lat' dir='ltr'>utriusque</span> <span class='ocrx_word' id='word_1_321' title='bbox 1286 2517 1382 2555; x_wconf 83' lang='lat' dir='ltr'>erga</span> <span class='ocrx_word' id='word_1_322' title='bbox 1412 2507 1538 2554; x_wconf 84' lang='lat' dir='ltr'>ipsum</span> 
     </span>
     <span class='ocr_line' id='line_1_42' title="bbox 138 2564 1539 2610; baseline 0 -10"><span class='ocrx_word' id='word_1_323' title='bbox 138 2574 303 2600; x_wconf 88' lang='lat' dir='ltr'>amorem</span> <span class='ocrx_word' id='word_1_324' title='bbox 334 2564 619 2610; x_wconf 86' lang='lat' dir='ltr'>amicitiamque</span> <span class='ocrx_word' id='word_1_325' title='bbox 648 2568 834 2610; x_wconf 89' lang='lat' dir='ltr'>perpetuo</span> <span class='ocrx_word' id='word_1_326' title='bbox 863 2564 1038 2602; x_wconf 86' lang='lat' dir='ltr'>retinuit.</span> <span class='ocrx_word' id='word_1_327' title='bbox 1107 2564 1354 2600; x_wconf 86' lang='lat' dir='ltr'>Adolescens</span> <span class='ocrx_word' id='word_1_328' title='bbox 1383 2568 1539 2600; x_wconf 89' lang='lat' dir='ltr'>utrum-</span> 
     </span>
     <span class='ocr_line' id='line_1_43' title="bbox 140 2619 1638 2666; baseline 0.001 -10"><span class='ocrx_word' id='word_1_329' title='bbox 140 2627 214 2666; x_wconf 86' lang='lat' dir='ltr'>que</span> <span class='ocrx_word' id='word_1_330' title='bbox 251 2624 453 2658; x_wconf 82' lang='lat' dir='ltr'>ornaverat</span> <span class='ocrx_word' id='word_1_331' title='bbox 490 2620 642 2666; x_wconf 87' lang='lat' dir='ltr'>sibique</span> <span class='ocrx_word' id='word_1_332' title='bbox 672 2620 949 2656; x_wconf 89' lang='lat' dir='ltr'>conciliaverat</span> <span class='ocrx_word' id='word_1_333' title='bbox 986 2619 1235 2656; x_wconf 84' lang='lat' dir='ltr'>inscribenda</span> <span class='ocrx_word' id='word_1_334' title='bbox 1264 2620 1406 2666; x_wconf 91' lang='lat' dir='ltr'>cuique</span> <span class='ocrx_word' id='word_1_335' title='bbox 1435 2620 1638 2666; x_wconf 79' lang='lat' dir='ltr'>Epi-157</span> 
     </span>
     <span class='ocr_line' id='line_1_44' title="bbox 140 2676 1539 2714; baseline 0.001 -3"><span class='ocrx_word' id='word_1_336' title='bbox 140 2676 242 2711; x_wconf 88' lang='lat' dir='ltr'>stola</span> <span class='ocrx_word' id='word_1_337' title='bbox 272 2677 430 2714; x_wconf 81' lang='lat' dir='ltr'>critica.</span> <span class='ocrx_word' id='word_1_338' title='bbox 485 2678 523 2714; x_wconf 89' lang='lat' dir='ltr'>A</span> <span class='ocrx_word' id='word_1_339' title='bbox 553 2676 816 2713; x_wconf 85' lang='lat' dir='ltr'>Valckenario</span> <span class='ocrx_word' id='word_1_340' title='bbox 847 2676 899 2712; x_wconf 90' lang='lat' dir='ltr'>nil</span> <span class='ocrx_word' id='word_1_341' title='bbox 929 2676 1062 2713; x_wconf 91' lang='lat' dir='ltr'>retulit</span> <span class='ocrx_word' id='word_1_342' title='bbox 1090 2676 1325 2713; x_wconf 84' lang='lat' dir='ltr'>ornamenti:</span> <span class='ocrx_word' id='word_1_343' title='bbox 1356 2687 1429 2713; x_wconf 90' lang='lat' dir='ltr'>nec</span> <span class='ocrx_word' id='word_1_344' title='bbox 1457 2676 1539 2713; x_wconf 90' lang='lat' dir='ltr'>ini-</span> 
     </span>
     <span class='ocr_line' id='line_1_45' title="bbox 140 2732 1539 2781; baseline 0 -13"><span class='ocrx_word' id='word_1_345' title='bbox 140 2742 216 2778; x_wconf 89' lang='lat' dir='ltr'>que</span> <span class='ocrx_word' id='word_1_346' title='bbox 246 2732 351 2780; x_wconf 92' lang='lat' dir='ltr'>tulit,</span> <span class='ocrx_word' id='word_1_347' title='bbox 379 2743 473 2769; x_wconf 88' lang='lat' dir='ltr'>vere</span> <span class='ocrx_word' id='word_1_348' title='bbox 502 2733 681 2770; x_wconf 88' lang='lat' dir='ltr'>iudicans</span> <span class='ocrx_word' id='word_1_349' title='bbox 713 2744 786 2769; x_wconf 91' lang='lat' dir='ltr'>non</span> <span class='ocrx_word' id='word_1_350' title='bbox 818 2733 1055 2769; x_wconf 89' lang='lat' dir='ltr'>voluntatem</span> <span class='ocrx_word' id='word_1_351' title='bbox 1075 2733 1148 2779; x_wconf 92' lang='lat' dir='ltr'>illi,</span> <span class='ocrx_word' id='word_1_352' title='bbox 1177 2733 1246 2770; x_wconf 87' lang='lat' dir='ltr'>sed</span> <span class='ocrx_word' id='word_1_353' title='bbox 1267 2733 1539 2781; x_wconf 86' lang='lat' dir='ltr'>opportunita-</span> 
     </span>
     <span class='ocr_line' id='line_1_46' title="bbox 137 2787 1538 2839; baseline 0.001 -15"><span class='ocrx_word' id='word_1_354' title='bbox 137 2787 325 2826; x_wconf 81' lang='lat' dir='ltr'>defuisse.</span> <span class='ocrx_word' id='word_1_355' title='bbox 385 2790 440 2826; x_wconf 90' lang='lat' dir='ltr'>At</span> <span class='ocrx_word' id='word_1_356' title='bbox 467 2790 600 2826; x_wconf 87' lang='lat' dir='ltr'>retulit</span> <span class='ocrx_word' id='word_1_357' title='bbox 634 2790 682 2826; x_wconf 87' lang='lat' dir='ltr'>ab</span> <span class='ocrx_word' id='word_1_358' title='bbox 711 2791 892 2838; x_wconf 84' lang='lat' dir='ltr'>Ernesto,</span> <span class='ocrx_word' id='word_1_359' title='bbox 931 2789 998 2837; x_wconf 89' lang='lat' dir='ltr'>qui</span> <span class='ocrx_word' id='word_1_360' title='bbox 1025 2788 1188 2839; x_wconf 77' lang='lat'>(1762.)</span> <span class='ocrx_word' id='word_1_361' title='bbox 1220 2788 1270 2826; x_wconf 87' lang='lat' dir='ltr'>ad</span> <span class='ocrx_word' id='word_1_362' title='bbox 1307 2801 1396 2827; x_wconf 89' lang='lat' dir='ltr'>eum</span> <span class='ocrx_word' id='word_1_363' title='bbox 1433 2788 1538 2826; x_wconf 85' lang='lat' dir='ltr'>scri-</span> 
     </span>
    </p>
   </div>
  </div>
 </body>
</html>
