1833 3237
645 203 977 244 -17-

104 312 562 364 fontibus-irrigaverit.
620 315 735 352 Adeo
774 315 874 352 illud
902 314 1106 366 Horatii*]
1148 318 1196 355 de
1233 318 1422 357 Romanis
1462 321 1530 359 di-

105 375 230 422 ctum,
261 371 469 407 verissime
500 371 540 408 in
570 374 741 408 nostram
773 375 943 409 aetatem
974 376 1186 420 nostraque
1223 379 1422 425 tempora,
1453 389 1529 415 ve-

104 427 179 465 luti
207 426 314 464 vatis
344 428 558 475 oraculum,
588 427 712 463 valet:

274 506 355 542 Sed
388 506 428 542 in
459 506 620 552 longum
652 508 780 541 tamen
811 515 951 542 aevum

215 561 472 608 manserunt,
503 561 699 607 hodieque
728 565 899 606 manent,
931 562 1107 611 vestigia
1136 565 1253 602 ruris,

220 619 343 656 Serus
373 617 475 654 enim
507 617 671 654 Graecis
701 618 874 655 admovit
902 619 1085 655 acumina
1115 619 1277 656 chartis.

215 706 477 754 Antiquorum
508 710 837 744 monumentorum
869 711 1033 754 quatuor
1062 711 1154 745 sunt
1183 718 1344 757 genera.
1385 711 1527 762 Primo,

102 762 222 811 longe
251 763 419 799 omnium
450 763 645 800 uberrimo
676 767 716 799 et
745 764 925 812 maximo,
955 765 1033 811 ipsi
1062 766 1312 802 continentur
1342 768 1526 814 Scripto-

103 829 190 865 reS‚
220 822 261 855 et
289 829 449 855 numero
480 819 616 866 multi,
646 822 686 855 et
716 820 882 856 materia
912 821 1035 866 varii,
1074 823 1242 869 Poetae,
1283 823 1526 871 Philosophi,

102 875 313 921 Historici,
342 875 547 920 Oratores,
578 874 796 921 Rhetores,
826 877 1101 924 Grammatici,
1141 880 1181 913 et
1210 878 1258 914 de
1287 879 1377 914 aliis
1408 880 1526 916 etiam

100 930 252 967 artibus
283 930 609 978 argumentisque
637 930 875 976 Scriptores,
934 933 1080 968 Horum
1113 933 1174 968 vel
1204 944 1282 969 uno
1305 935 1345 969 in
1377 945 1526 981 genere

101 989 210 1023 recte
240 987 393 1022 versari
424 997 539 1032 quum
571 996 756 1034 magnum
789 987 880 1034 quid
912 987 986 1034 sit3
1017 987 1063 1034 is,
1095 999 1208 1034 quem
1240 989 1527 1038 significamus,

99 1042 141 1078 in
170 1042 348 1078 omnibus
379 1042 558 1078 habitare
588 1043 705 1078 debet
734 1044 962 1091 generibus,
996 1048 1036 1079 ut
1067 1055 1200 1080 omnes
1230 1045 1383 1081 omnino
1407 1046 1524 1082 Scri-

98 1101 245 1144 ptores,
279 1102 319 1134 et
347 1098 530 1143 optimum
561 1108 754 1144 quemque
784 1100 962 1145 maxime,
986 1104 1243 1145 pertractatos
1265 1101 1418 1137 habeat.
1459 1104 1524 1139 Ex

98 1154 260 1200 reliquis
301 1154 425 1190 tribus
467 1157 799 1190 monumentorum
838 1156 1077 1207 generibus,
1116 1156 1192 1192 duo
1232 1160 1323 1192 sunt
1352 1157 1522 1206 literata,

95 1209 378 1255 Inscriptiones
417 1212 457 1245 et
494 1210 672 1246 Nummi:
712 1221 829 1246 unum
861 1212 1112 1257 illiteratum,
1153 1212 1293 1247 artium
1325 1223 1444 1258 opera
1474 1224 1524 1250 ea

97 1275 196 1312 quae
237 1265 436 1301 oculorum
481 1276 601 1301 sensu
640 1268 678 1301 et
723 1276 933 1312 corporeae
980 1267 1168 1302 materiae
1210 1268 1521 1305 conformatione

97 1323 320 1369 censentur,
352 1321 476 1358 veluti
506 1322 734 1368 statuariae,
767 1323 1016 1369 sculpturae,
1047 1323 1359 1371 architecturae,
1391 1326 1430 1360 et
1459 1325 1522 1360 si-

97 1377 268 1414 milium:
302 1388 402 1423 quae
432 1378 506 1413 tria
535 1388 685 1426 genera
714 1378 770 1414 ita
799 1382 1017 1425 teneantur,
1048 1382 1090 1415 ut
1121 1390 1252 1415 eorum
1284 1380 1521 1428 intelligen-

97 1433 154 1470 tia
191 1433 358 1470 maxime
398 1437 438 1470 et
476 1436 674 1485 referatur
710 1435 758 1469 ad
797 1435 1099 1483 intelligentiam
1137 1437 1250 1482 primi
1288 1439 1326 1472 et
1362 1437 1521 1473 maximi

95 1490 277 1538 generis,
308 1491 346 1526 id
379 1494 461 1536 est,
497 1491 761 1538 Scriptorum,
803 1495 841 1527 et
880 1493 926 1527 ab
958 1503 1005 1527 ea
1036 1492 1227 1538 ducatur3
1265 1503 1342 1538 qua
1371 1493 1516 1539 quippe

93 1545 287 1582 instructo
319 1547 449 1582 facilis
480 1551 518 1583 et
550 1548 735 1593 expedita
764 1550 824 1583 est
856 1548 992 1584 horum
1033 1549 1148 1584 trium
1188 1549 1387 1597 cognitio,
1426 1550 1514 1585 sine
1530 1545 1585 1582 24

94 1602 170 1639 hac
200 1603 329 1638 inanis
359 1606 398 1639 et
428 1603 557 1648 potius
588 1604 710 1641 nulla.

206 1658 406 1694 Scientiae
438 1659 553 1693 huius
577 1662 637 1694 est
656 1660 758 1702 finis,
790 1670 939 1694 omnem
958 1659 1065 1694 illam
1089 1670 1138 1695 ex
1169 1660 1342 1705 antiquis
1373 1671 1517 1697 monu-

94 1714 237 1750 mentis
268 1714 466 1750 materiam
498 1716 688 1759 proferre,
719 1715 765 1749 ad
797 1714 948 1762 ingenii
979 1715 1127 1751 cultum
1158 1716 1418 1763 fructumque,
1452 1718 1517 1752 vi-

94 1773 160 1806 tae
188 1781 324 1816 usum,
366 1769 523 1805 virtutis
557 1774 596 1804 et
626 1771 842 1804 honestatis
880 1772 1076 1817 studium,
1117 1773 1286 1806 referre:
1327 1773 1516 1818 officium,

94 1825 135 1862 id
164 1826 333 1873 est,.via
363 1836 439 1871 qua
469 1826 573 1861 hunc
602 1826 718 1861 finem
742 1826 1010 1870 consequitur,
1040 1826 1208 1871 positum
1234 1828 1354 1863 estin
1378 1837 1517 1875 gram-

94 1882 241 1918 matica
273 1882 616 1928 interpretatione,
654 1892 753 1927 quae
791 1892 813 1916 a
846 1882 1036 1929 diligente
1076 1886 1113 1917 et
1144 1886 1329 1918 accurata
1358 1884 1520 1932 linguae

93 1938 378 1984 verborumque
415 1938 642 1985 cognitione
680 1938 729 1972 ad
771 1948 900 1972 rerum
941 1938 1203 1985 cognitionem
1245 1940 1519 1984 proficiscitur.

94 1993 215 2030 Primi
244 1995 302 2030 illi
332 1995 404 2029 sub
434 1985 586 2028 initium
618 1993 910 2028 renascentium
949 1994 1167 2029 Literarum
1211 1996 1394 2030 florentes
1442 1996 1517 2032 do-

95 2049 222 2086 ctrina
257 2049 334 2085 viri
365 2059 513 2084 omnem
546 2048 804 2093 Antiquitatis
843 2049 1044 2084 materiam
1084 2050 1168 2085 suis
1219 2052 1362 2086 studiis
1406 2062 1517 2089 com-

96 2105 387 2151 plectebantur,
428 2105 607 2140 Latinam
653 2105 921 2149 Graecamque
958 2105 1154 2152 linguam,
1204 2108 1517 2151 Grammaticam‚

98 2161 300 2208 Crificam,
329 2171 479 2198 omnem
511 2160 742 2205 Historiam,
770 2161 1066 2208 Eloquentiam,
1096 2162 1196 2197 bene
1226 2163 1423 2197 scribendi
1454 2164 1521 2197 sa·-

97 2217 296 2264 cultatem,
329 2216 634 2262 Philosophiam,
666 2220 705 2252 et
729 2216 901 2260 reliquas
933 2213 1387 2264 artes²rliscipliiiasque,
1418 2228 1521 2263 qua-

96 2275 232 2319 tenus,
271 2273 534 2318 Antiquorum
573 2272 730 2318 scriptis
771 2272 1051 2317 consignatae,
1092 2273 1310 2308 eorumdem
1352 2274 1521 2309 lectione

99 2328 393 2375 percipiuntur:
433 2329 573 2374 quibus
606 2329 716 2363 multi
749 2327 845 2361 adeo
879 2328 1091 2362 liebraicas
1122 2330 1178 2379 et»
1192 2328 1413 2364 Orientales
1445 2330 1520 2365 Li-

100 2387 207 2420 teras
238 2385 516 2431 adiungebant.
575 2384 648 2427 Qui
686 2384 747 2417 his
788 2383 964 2418 omnibus
997 2384 1079 2418 fere
1109 2384 1148 2419 in
1180 2385 1298 2419 rebus
1330 2386 1518 2430 probabi-

101 2440 192 2477 liter
223 2440 425 2486 valerent,
455 2439 759 2475 innumerabiles
799 2441 976 2474 suerunt:
1008 2439 1073 2484 qui
1112 2450 1226 2487 vero,
1265 2451 1349 2475 cum
1381 2441 1519 2477 harum

99 2506 227 2533 rerum
259 2496 425 2545 egregia
455 2496 636 2539 scicntia,
666 2495 884 2531 Literarum
915 2506 1066 2540 quoque
1097 2497 1334 2532 Graecarum
1365 2499 1403 2532 et
1434 2498 1518 2533 La-

100 2552 264 2589 tinarum
304 2553 565 2599 principatum
602 2554 800 2596 tenerent,
840 2554 918 2586 tres
950 2552 998 2586 ad
1028 2552 1132 2587 hunc
1162 2553 1262 2587 diem
1294 2556 1517 2599 censentur,

94 2608 284 2654 Iosephus
321 2609 524 2656 Scaliger,
554 2610 716 2644 Isaacus
749 2608 1027 2651 Casaubonus,
1069 2608 1256 2644 Claudius
1287 2609 1517 2645 Salmasius

96 2664 177 2699 Iam
207 2665 340 2701 horum
372 2668 522 2712 aetate,
552 2668 590 2701 et
620 2664 746 2712 magis
777 2664 890 2700 etiam
923 2666 1080 2710 postea,
1110 2664 1310 2710 plerique,
1350 2675 1419 2710 pro
1448 2665 1516 2702 in-

95 2778 128 2820 ·)
155 2783 264 2823 Epist.
291 2783 334 2823 n,
360 2784 389 2825 1,
420 2786 493 2818 159.
