1833 3237
689 200 1024 241 „11-

150 325 263 367 rum,
298 317 378 351 tum
412 312 648 350 dictionum:
687 313 865 349 suavitas
904 323 978 349 non
1019 315 1142 350 inestt
1185 313 1288 349 nulla
1328 321 1565 360 magnopere

151 373 282 408 exstat
319 370 494 407 varietas
531 369 594 405 vel
633 369 823 405 orationis
853 369 917 404 vel
948 369 1167 406 doctrinae:
1207 380 1356 406 summa
1383 369 1422 405 in
1454 368 1566 414 puri-

150 428 245 464 tatis
283 428 322 462 et
359 425 634 462 concinnitatis
673 435 787 471 cura,
835 424 1035 461 desideres
1080 427 1364 462 sententiarum
1406 423 1567 468 lumina,

150 483 334 529 lacertos,
364 482 482 519 sales.
541 482 682 516 Fertur
720 480 806 516 eius
844 480 945 515 liber
983 483 1031 516 de
1068 483 1255 517 Naturali
1295 480 1567 518 Pulcritudine

155 537 372 589 Orationis,
403 537 576 573 accurati
605 536 674 571 ille
702 536 839 572 iudicii
869 539 908 571 et
937 537 1083 572 multae
1115 537 1329 581 doctrinae,
1360 536 1427 572 sed
1459 534 1568 570 nulla

150 595 280 630 minus
318 594 408 630 dote
443 602 557 637 quam
604 592 770 628 naturali
816 592 1079 637 pulcritudine
1125 593 1439 637 commendatus3
1490 589 1569 625 nisi

152 651 256 686 forte
285 648 474 685 naturalis
504 657 552 682 ea
581 648 634 682 sit
661 648 903 694 pulcritudo,
934 648 997 683 cui
1027 648 1183 683 minima
1214 651 1274 683 est
1304 659 1390 683 cum
1421 645 1569 683 Gratiis

153 704 384 750 communio,
414 704 605 748 cuiusque
636 713 681 738 ea
711 706 771 738 est
801 703 1034 749 simplicitas
1064 707 1102 739 et
1123 704 1333 739 mundities
1364 713 1462 748 quae
1493 701 1569 736 fri-

152 765 260 809 geat.
315 759 576 795 Ruhnkenius
616 769 666 794 ex
700 759 774 794 hac
804 759 1050 795 institutione
1094 770 1168 795 non
1200 759 1274 794 nisi
1305 758 1418 794 utilia
1448 766 1570 792 assu-

153 817 304 853 mebat:
335 826 419 851 eam
450 825 473 849 a
503 817 643 849 natura
672 817 877 860 acceperat
908 815 1060 862 ingenii
1081 815 1328 860 suavitatem,
1360 823 1445 849 eum
1475 812 1570 858 pul-

153 872 210 908 cri
250 871 486 915 venustique
524 879 700 914 sensum,
739 870 804 914 qui
842 879 864 903 a
902 871 1196 915 compositionis
1233 869 1455 906 istiusmodi
1486 877 1571 902 eum

154 926 390 974 contagione
428 925 631 972 integrum
669 924 936 970 intactumque
974 928 1204 970 praestaret.
1270 926 1347 961 Sed
1384 926 1572 960 bonorum

154 983 364 1028 librorum,
403 991 536 1017 eorum
576 980 641 1026 qui
672 983 760 1025 post
789 983 948 1016 renatas
978 981 1132 1016 Literas
1162 980 1299 1025 scripti
1330 981 1476 1025 essent,
1507 977 1574 1012 in-

157 1038 382 1075 credibilem
430 1036 599 1072 habebat
643 1037 842 1084 Bergerus
889 1047 965 1072 non
1010 1037 1121 1072 modo
1178 1036 1463 1083 cognitionem,
1503 1033 1574 1068 sed

157 1095 275 1130 etiam
306 1093 469 1139 copiam,
500 1092 548 1127 de
578 1092 681 1127 omni
712 1095 956 1139 argumento,
986 1093 1084 1138 quod
1118 1092 1166 1127 ad
1192 1093 1412 1137 Scriptores
1441 1091 1572 1125 Vete-

157 1161 223 1186 res
253 1151 427 1186 Graecos
458 1150 496 1188 et
524 1144 688 1184 Latinos
726 1149 953 1195 pertineret,
984 1149 1144 1194 Critico,
1176 1147 1450 1193 Grammatico,
1482 1146 1574 1181 An-

157 1205 348 1251 tiquario,
378 1203 581 1251 Nummis,
617 1203 958 1248 Inscriptionihus.
1029 1205 1164 1240 Theca
1203 1204 1240 1238 ei
1281 1206 1364 1238 erat
1396 1210 1574 1237 nummo-

158 1271 242 1297 rum
272 1264 461 1306 veterum,
491 1259 721 1305 optimorum
753 1263 792 1294 et
821 1259 1119 1304 rarissimorum,
1150 1260 1301 1294 referta
1330 1261 1368 1293 et
1387 1256 1577 1301 locuples.

157 1316 383 1363 Principum
413 1315 632 1351 eruditione
663 1315 833 1352 virorum
864 1316 1137 1362 plerorumque
1168 1315 1327 1360 scripta,
1359 1323 1457 1359 quae
1487 1312 1576 1347 sin-

157 1373 322 1422 gulatim
361 1372 465 1408 edita
504 1373 703 1417 feruntur,
755 1372 919 1408 necdum
959 1382 1037 1407 una
1085 1371 1257 1428 editione
1296 1368 1578 1415 comprehensa

158 1431 336 1476 exstant,
375 1428 512 1464 sedulo
550 1428 739 1475 colligere
779 1428 952 1465 solebat:
993 1425 1032 1463 in
1062 1427 1113 1463 iis
1143 1426 1330 1463 Ioachimi
1363 1421 1577 1462 Camerarii

159 1485 329 1533 scripta,
359 1494 519 1531 quorum
550 1494 691 1530 corpus
720 1484 768 1519 ad
798 1486 958 1520 formam
995 1485 1043 1520 ab
1074 1485 1105 1520 Ι.
1138 1485 1187 1520 Α.
1220 1482 1401 1518 Fabricio
1429 1481 1470 1517 in
1502 1480 1573 1516 Bi-
1589 1475 1642 1514 16

157 1541 357 1578 bliotheca
395 1537 597 1588 Graeca*)
649 1541 918 1589 designatam,
964 1540 1081 1576 edere
1129 1539 1400 1576 constituerat.
1469 1535 1580 1580 Quod

159 1598 253 1634 item
283 1597 544 1634 Ruhnkenius
575 1600 713 1642 postea
742 1597 909 1633 subinde
941 1596 1109 1644 agitavit
1140 1595 1367 1640 consilium,
1399 1593 1467 1639 qui
1497 1594 1579 1628 Ca-

159 1653 318 1690 merarii
359 1653 480 1688 libros
526 1652 575 1687 ad
615 1663 702 1688 eum
754 1652 942 1698 paulatim
983 1651 1145 1699 collegit
1191 1660 1414 1697 numerum,
1457 1651 1502 1684 ut
1531 1647 1581 1682 ad

161 1719 348 1746 summam
381 1708 607 1755 paucissimi
639 1708 922 1758 desiderentur.

273 1765 480 1802 Caeterum
510 1764 771 1799 Ruhnkenius
802 1765 1083 1809 Wittebergae
1121 1760 1300 1797 nonnihil
1331 1760 1447 1796 etiam
1480 1769 1579 1806 ope-

161 1831 230 1858 rae
258 1820 395 1856 tribuit
423 1819 571 1855 scholis
600 1819 917 1865 Mathematicis,
947 1817 1195 1863 DialecticiS,
1238 1820 1277 1853 et
1314 1827 1408 1853 vero
1437 1817 1580 1852 Meta-

163 1876 356 1925 physicis,
387 1886 487 1922 quae
506 1875 554 1910 ad
573 1875 761 1911 rationem
785 1876 1020 1912 Wolfianam
1042 1875 1304 1911 habebantur:
1334 1873 1391 1909 ita
1410 1872 1579 1919 quidem,

162 1937 208 1970 ut
235 1935 430 1981 gustaret,
461 1942 534 1968 nec
564 1932 778 1979 ignoraret,
811 1931 1116 1976 Philosophiam.
1156 1931 1208 1966 Et
1238 1929 1339 1976 quod
1366 1930 1502 1975 Nepos
1526 1929 1581 1964 ait

163 1990 213 2026 de
242 1989 392 2038 Attico,
403 1985 462 2035 **)
493 1989 619 2033 atliyic
645 1997 800 2034 quoque
825 1988 1023 2034 poeticen,
1054 1986 1276 2035 credimus,
1305 1995 1356 2021 ne
1385 1986 1470 2022 eius
1499 1995 1580 2020 θα·-

163 2055 259 2094 pers
288 2048 388 2080 esset
415 2044 645 2081 suavitatis:
685 2043 788 2078 idem
818 2043 866 2078 de
905 2042 1035 2079 studio
1066 2053 1089 2077 a
1119 2053 1163 2078 se
1192 2041 1471 2088 Philosophiae
1500 2041 1580 2077 im-

167 2101 309 2149 pertito
346 2100 477 2135 dicere
520 2099 672 2134 solebat
717 2099 1002 2145 Ruhnkenius,
1048 2099 1285 2134 suavitatem
1333 2099 1581 2142 fructumque

167 2155 447 2201 Philosophiae
478 2155 644 2201 positum
676 2165 765 2190 esse
796 2156 834 2190 in
866 2155 1017 2191 ratione
1048 2157 1087 2189 et
1117 2155 1254 2201 forma,
1284 2163 1360 2189 non
1380 2154 1421 2189 in
1452 2155 1582 2188 mate-

166 2213 228 2249 ria
257 2215 296 2248 et
326 2214 578 2259 argumento3
621 2210 763 2256 quippe
802 2211 850 2245 de
889 2211 1000 2245 cuius
1030 2210 1207 2255 xveritate
1238 2209 1365 2244 omnia
1395 2218 1485 2243 esse
1514 2208 1583 2243 in-

168 2271 290 2305 certa.
349 2269 408 2303 De
445 2276 520 2313 quo
561 2266 738 2312 equidem
776 2269 819 2301 ut
859 2266 976 2301 nolim
1013 2267 1213 2315 statuere,
1256 2264 1310 2299 ita
1350 2263 1448 2299 illud
1476 2263 1582 2299 haud
1636 2258 1641 2259 ⁷

171 2324 397 2360 dubitanter
427 2323 637 2368 affirmem,
668 2321 946 2359 Ruhnkenium
977 2331 1027 2356 ex
1057 2320 1150 2370 illa,
1188 2330 1456 2366 quaecumque
1493 2318 1583 2367 fuit,

170 2379 448 2425 Philosophiae
488 2378 734 2426 cognitione,
773 2376 962 2412 eiusmodi
999 2386 1158 2411 sensum
1197 2375 1429 2424 ingeniique
1467 2375 1585 2411 habi-

171 2438 252 2473 tum
283 2429 468 2479 traxisse,
497 2436 539 2469 ut
565 2436 701 2479 postea
724 2433 982 2479 Philosophus
1001 2433 1172 2468 Veteres
1205 2434 1243 2468 et
1273 2432 1425 2479 legeret
1454 2431 1587 2467 liben-

169 2491 268 2538 tius,
300 2493 339 2527 et
367 2489 608 2537 intelligeret
639 2489 819 2535 facilius,
857 2499 970 2535 quam
999 2488 1126 2525 solent
1156 2489 1241 2523 fere
1270 2487 1416 2523 literati
1444 2487 1586 2524 Philo-

172 2546 336 2594 sophiae
365 2545 518 2594 ignari:
549 2548 629 2582 tum
651 2555 744 2581 vero
775 2544 1023 2590 eloquentiae
1051 2545 1279 2580 facultatem
1300 2543 1588 2594 corroborasse,

174 2613 336 2649 eamque
365 2601 587 2638 disserendi
617 2601 938 2638 consuetudinem
969 2599 1154 2648 duxisse,
1191 2610 1290 2646 quae
1331 2599 1369 2636 in
1410 2599 1586 2636 omnibus

244 2657 259 2677 ae

177 2730 216 2771 ⁴⁵)
239 2733 324 2766 Vol.⁴
342 2733 437 2766 xm.
463 2744 493 2775 p.
521 2734 598 2767 493.
624 2742 696 2774 seq.

175 2776 225 2815 ⁸⁸)
248 2779 379 2820 Attico,
404 2779 457 2811 18.
