1816 3233
796 161 872 222 '-
931 192 1017 233 216
1075 214 1130 222 -

265 314 417 355 Ignarra
442 306 589 351 (Nicol.)
615 306 692 338 184.
719 307 797 337 eius
818 306 1067 338 commentarii
1078 305 1129 336 -de
1146 304 1333 336 Palaestra
1347 303 1492 344 Neapol.
1507 302 1591 335 170.
1602 302 1688 335 adn.

270 358 416 399 Ignavia
440 358 475 386 et
499 354 624 384 Virtus
649 350 704 382 19.
728 349 776 391 cf.
801 350 858 382 46.

269 403 315 435 ln
336 398 526 432 numerato
549 395 678 427 habere
699 396 777 427 225.
803 398 883 427 adn.
916 395 956 425 in
981 394 1097 425 oculis
1120 392 1255 424 civium
1277 390 1442 424 habitare
1466 393 1522 424 72.

271 447 425 483 Indoles,
449 443 613 481 studium,
637 443 705 480 via,
729 441 880 472 discenti
906 441 1110 472 necessaria
1133 440 1167 470 7.

271 491 408 531 Ingenii
432 491 469 519 et
494 487 645 518 rationis
671 486 862 517 facultates
887 486 966 516 217.

271 533 507 567 Institutionis
532 535 745 562 momentum
783 539 888 562 omne
919 533 956 561 in
993 538 1061 569 quo
1096 530 1142 560 sit
1179 529 1334 568 positum
1359 525 1413 558 10.
1453 528 1689 559 institutionis

338 578 486 619 puerilis
515 577 602 608 ordo
628 580 901 616 praeposterus,
933 584 998 615 quo
1021 576 1173 614 primum
1198 573 1359 614 LatiniS,
1391 571 1516 603 deinde
1541 571 1690 605 Graecis

338 622 529 654 imbuimur
552 622 669 652 literis
691 622 748 652 32.

271 670 527 708 Interpretatio
550 668 763 705 scriptorum
788 668 950 696 veterum
974 665 1029 694 39.
1055 662 1110 694 49.
1135 669 1210 704 sqq.
1243 662 1475 704 grammatica
1497 660 1554 692 26.

271 715 424 745 loannes
449 712 638 744 Siceliota:
661 711 735 742 vid.
761 711 938 742 Siceliota.

271 759 433 790 lonsius:
458 757 533 788 vid.
558 758 716 787 Historia
740 756 874 786 literar.

271 803 454 834 Isocrates
477 802 555 833 236.
581 801 666 831 adn.

273 847 471 889 Iudicium,
495 845 602 890 κρίσις
625 846 659 876 et
684 851 840 876 censura
864 842 940 874 145.
967 843 1046 874 adn.
1083 841 1260 872 iudicium
1284 841 1497 881 exspectare
1519 839 1600 872 250.

273 893 385 924 lulius
408 892 612 924 Rufinianus
637 891 773 922 Rlietor
798 889 873 920 142.
900 896 952 929 sq.

271 937 415 977 Iungius
442 936 518 968 113.
546 935 631 966 adn.

272 981 455 1013 luvenalis
479 979 555 1011 161.

276 1026 428 1057 Iuvenes
453 1025 628 1065 quomodo
656 1025 841 1062 parent-um
868 1030 1028 1054 errorem
1053 1022 1216 1060 accipere
1240 1020 1394 1052 debeant
1417 1020 1472 1051 18.
1497 1019 1532 1050 et
1554 1018 1641 1050 adn.

272 1071 422 1103 Kantius
445 1069 621 1110 (lmman.)
644 1068 846 1099 Rulinkenii
870 1067 1136 1105 condiscipulus
1164 1064 1217 1096 10.
1240 1072 1293 1105 sq.
1318 1065 1372 1097 61.
1401 1063 1476 1096 112.

275 1115 445 1147 Kasteele
470 1114 524 1152 (Ρ.
550 1115 588 1145 L.
616 1122 685 1144 van
711 1111 769 1152 de)
793 1112 873 1143 265.
899 1112 986 1142 adn.

276 1159 459 1191 Kinderen
486 1158 573 1197 (loli.
599 1156 678 1197 der)
705 1158 970 1196 xvyttcnbacliii
996 1155 1184 1194 discipulus
1207 1154 1285 1185 277.
1310 1160 1364 1194 sq.

274 1205 448 1236 Klotzius
474 1204 616 1243 (Christ.
645 1200 808 1242 Adolpli.)
834 1199 911 1232 159.
947 1203 1023 1231 eius
1048 1200 1091 1230 lis
1116 1208 1194 1231 cum
1218 1201 1418 1231 Burmanno
1441 1196 1529 1229 ibid.
1554 1198 1699 1230 lacessit

347 1250 532 1280 Ernestum
567 1250 604 1279 et
625 1247 875 1278 Rulinkenium
900 1244 986 1277 ibid.
1025 1246 1177 1276 moritur
1202 1244 1283 1276 160.
1326 1243 1404 1275 Via.
1428 1243 1539 1274 etiam
1566 1243 1697 1284 Nepos.

276 1294 445 1325 Klotzius
468 1291 687 1333 (Reinhold.)
710 1292 788 1322 219.
813 1291 898 1322 adn.

278 1338 511 1378 Kniephofius
534 1336 736 1369 Rulinkenii
760 1338 932 1373 magister
955 1336 988 1365 6.
1014 1334 1067 1366 10.

277 1383 440 1414 Koenius
462 1381 520 1413 45.
543 1382 662 1412 editor
686 1382 852 1420 Gregorii
878 1380 1038 1412 Corinth.
1062 1380 1118 1410 53.
1143 1376 1191 1418 cf.
1214 1378 1293 1409 232.

280 1427 530 1466 Kulenkampii
555 1427 650 1457 Prof.
676 1425 855 1466 Goetting.
882 1425 1012 1456 dictum
1038 1426 1080 1456 de
1108 1425 1254 1455 Timaeo
1279 1422 1482 1455 Rulmkenii
1506 1423 1562 1454 58.

279 1472 413 1503 Labes:
438 1471 512 1502 vicl.
538 1470 761 1510 corruptela.

280 1516 484 1548 Larclierus
506 1515 562 1547 71.

280 1561 426 1593 Latinas
452 1562 573 1592 literas
598 1560 827 1591 Rulinkenius
853 1562 890 1591 ut
914 1559 1012 1604 ἔργον
1037 1561 1073 1591 et
1096 1558 1199 1590 finem
1226 1558 1412 1598 tractabat,
1437 1555 1699 1590 Valckenarius

348 1609 387 1636 ut
410 1603 459 1637 πά
485 1617 498 1636 ε
522 1616 582 1644 γον
607 1604 683 1635 136.

282 1651 408 1682 Latine
432 1616 591 1681 seq-ignore
616 1649 697 1689 quid
724 1650 770 1679 sit
793 1649 870 1680 227.
903 1648 1047 1680 Latinos
1072 1656 1201 1680 versus
1225 1648 1346 1680 facere
1369 1646 1447 1680 240.
1472 1647 1506 1679 et
1531 1646 1616 1679 adn.

281 1693 453 1726 Laudari
477 1703 501 1725 a
524 1694 677 1725 laudato
700 1695 782 1724 viro
805 1696 837 1725 3.
864 1697 899 1725 et
922 1694 1002 1725 adn.

282 1739 456 1772 Laudatio
481 1741 592 1779 qualis
616 1742 664 1770 sit
687 1741 837 1778 scriptio
857 1742 889 1770 5.

286 1785 428 1816 Lenaea
452 1784 530 1815 171.

283 1828 486 1868 Lennepius
511 1826 577 1868 (lo.
604 1826 705 1866 Dan.)
730 1827 785 1858 45.
809 1827 887 1858 222.
912 1827 999 1858 culn.
1023 1827 1101 1858 232.

284 1872 442 1904 Lexicon
467 1873 696 1904 Rhetoricum
724 1872 896 1911 quoddam
921 1872 1013 1902 ined.
1030 1872 1210 1911 Hesychio
1236 1871 1456 1903 emendando
1480 1874 1517 1902 et
1540 1872 1700 1913 locuple-

355 1918 461 1948 tando
487 1919 650 1948 idoneum
677 1917 755 1948 129.
780 1918 988 1948 Lexicorum
1013 1918 1210 1954 scriptores
1237 1919 1380 1947 veteres
1403 1916 1459 1948 50.
1484 1917 1580 1948 eaelr.

284 1961 432 2001 Leyden
459 1962 580 1998 (Fred.
606 1960 689 2000 van)
712 1962 791 1992 265.
816 1962 901 1991 adn.

285 2006 475 2038 Librorum
512 2007 601 2045 apud
639 2006 798 2037 Graecos
840 2009 957 2038 aetate
1000 2007 1146 2037 Solonis
1182 2007 1339 2044 paucitas
1383 2009 1419 2037 et
1457 2007 1584 2037 raritas
1624 2005 1702 2038 144.

352 2052 552 2082 Alexandri
581 2054 698 2082 aetate
730 2052 914 2081 multitudo
944 2050 1031 2081 ibid.
1069 2059 1188 2081 eorum
1220 2053 1403 2091 cognitio,
1438 2053 1701 2092 interpretatio,

351 2104 512 2136 censura,
537 2097 752 2133 singularem
779 2103 931 2134 poscens
958 2096 1155 2126 doctrinam
1179 2094 1266 2126 ibid.

286 2140 528 2171 Lilientlialius
556 2140 610 2170 67.
638 2140 722 2170 adn.

286 2185 500 2225 Linguarum
527 2188 685 2216 veterum
712 2184 898 2215 difficultas
923 2184 978 2214 26.

286 2229 428 2268 Lipsius
454 2228 568 2269 (lust.)
595 2231 797 2260 Latinarum
823 2229 1007 2259 literarum
1034 2230 1201 2269 princeps
1226 2229 1303 2260 174.
1340 2231 1374 2260 in
1400 2229 1540 2261 Velleio
1565 2230 1701 2262 edendo

353 2276 387 2305 ei
412 2275 561 2313 palmam
581 2276 710 2312 eripuit
730 2273 968 2304 Ruliulz.z'lticl.
995 2275 1149 2313 Lipsius,
1174 2275 1352 2313 Scaliger,
1375 2275 1580 2315 Salmasius,
1606 2275 1702 2306 Gro—

354 2320 502 2356 novius,
528 2319 755 2355 Perizonius,
791 2320 932 2349 maximi
957 2320 993 2350 in
1019 2320 1158 2359 optimis
1183 2319 1299 2350 literis
1325 2320 1471 2360 heroes,
1495 2321 1701 2351 academiae

354 2362 464 2401 Lugd.
488 2363 715 2394 Professores
743 2364 818 2394 133.

285 2405 411 2436 Livius
435 2406 489 2437 74.
514 2407 599 2437 adn.

288 2450 472 2490 Longinus
497 2451 626 2491 Toupii
650 2460 728 2482 cum
753 2452 920 2484 adnotatt.
946 2453 1148 2484 Rulinkcnii
1174 2452 1248 2484 154.
1275 2452 1351 2483 168.
1378 2452 1453 2485 172.
1478 2461 1530 2494 sq.
1560 2454 1603 2484 de
1628 2455 1705 2487 vita

357 2499 392 2526 et
416 2498 562 2534 scriptis
589 2497 739 2536 Longini
764 2497 969 2528 dissertatio
995 2497 1197 2529 Ruhnkenii
1223 2498 1299 2528 169.
1337 2497 1492 2538 Longini
1517 2499 1700 2538 fragmen-

357 2542 633 2616 ἱιιιῃῐῆῐΒιιΙιὲιὲΙδ.
658 2542 916 2581 deprehensum
944 2543 1017 2574 127.
1036 2550 1088 2582 sq.
1113 2543 1267 2583 Longini
1289 2543 1387 2575 locus
1411 2551 1432 2574 a
1448 2544 1584 2583 Toupio
1608 2545 1703 2576 male

374 2592 432 2614 Pac
450 2593 470 2615 a
489 2592 531 2615 us
626 2608 634 2616 .

287 2625 440 2659 Lublink
464 2627 547 2668 (lo.)
571 2630 649 2660 265.
674 2630 760 2661 adn.

287 2670 435 2703 Luciani
458 2674 565 2704 editio
590 2676 833 2707 Hemsterhus.
858 2676 914 2706 59.

289 2717 430 2747 Lutetia
453 2718 690 2751 Parisiorum:
717 2722 795 2751 eius
815 2720 1053 2751 Bibliothecae
1078 2720 1135 2752 64.
1159 2721 1369 2753 abundantia
1393 2723 1430 2754 in
1453 2723 1548 2754 omni
1572 2723 1700 2754 artium

354 2761 665 2803 doctrinarumque
689 2769 725 2797 et
750 2765 969 2805 voluptatum
993 2773 1126 2807 genere
1152 2766 1205 2797 69.
1229 2774 1281 2806 sq.

284 2802 472 2838 Lutuzentz
490 2805 610 2848 fluunt
632 2808 687 2841 75.
