1816 3233
813 166 867 173 —
928 144 1007 183 158
1071 166 1116 171 v·-

267 270 423 308 urgere,
457 264 494 295 et
524 259 697 303 hacspe
726 258 1046 302 reprehendenda
1075 257 1289 291 senectutis.
1333 258 1418 293 eius
1449 257 1671 303 tranquilli-

268 321 385 352 tatem
409 316 577 363 turbare,
605 313 646 349 in
689 313 854 350 animum
893 314 1106 349 induceret.
1175 312 1311 357 Neque
1350 323 1452 348 vana
1491 314 1564 349 fnit
1602 313 1669 349 illa

269 369 431 418 spes:*]
464 370 598 405 habuit
627 370 797 413 amicos,
829 371 895 415 qui
925 380 1009 404 eam
1043 380 1114 405 non
1150 368 1348 403 fallerent:
1379 368 1419 403 in
1452 370 1510 404 his
1541 370 1665 406 Cura-

269 434 374 465 tores
404 425 659 470 Academiae,
698 426 763 471 qui
804 436 945 473 magna
985 436 1033 461 ex
1070 428 1179 470 parte
1218 434 1300 459 eam
1332 428 1450 459 ratam
1484 427 1670 467 facerent,

268 484 327 531 (d.
366 482 405 519 5.
446 482 644 517 Decembr.
687 481 830 528 1798.)
869 478 1041 523 ⁴senatui
1082 480 1337 525 Reipublicae
1375 481 1547 515 Batavae
1577 492 1669 525 per-

268 538 498 583 suadentes,
548 540 591 572 ut
630 538 853 574 Ruhnkenii
900 538 1091 573 literatam
1139 536 1446 581 supellectilem,
1496 536 1673 581 locuple-

270 599 344 630 tem
375 593 480 628 illam
513 594 781 640 eum‘optimis
812 594 934 637 libris,
964 598 1044 628 tum
1075 594 1198 642 ipsius
1229 593 1466 627 adversariis
1497 596 1536 627 et
1565 592 1670 627 scri-

271 650 360 695 ptis,
395 653 473 684 tum
498 659 590 685 vero
621 650 780 685 ineditis
802 650 990 684 Veterum
1013 650 1189 684 codicum
1221 649 1435 696 exemplis,
1459 648 1674 683 vindicaret

269 706 504 751 adderetque
531 706 790 741 bibliothecae
813 701 1262 752 Lugdunobatavae,**)
1292 704 1589 749 pretiiqueloco
1612 714 1673 738 ve-

271 762 392 809 ctigal
412 772 578 796 annuum
603 761 745 796 viduae
766 762 997 807 filiabusque
1021 762 1185 810 duabus,
1216 760 1453 807 quingentos
1473 760 1512 795 in
1532 760 1677 807 singu-

172 814 253 850 266
271 819 329 853 las
361 820 540 862 florenos,
571 817 836 854 constitueret.
896 818 1017 854 Cuius
1059 816 1328 853 humanissimi
1368 819 1405 851 et
1434 817 1474 850 in
1513 817 1676 861 patriam

268 878 306 910 et
346 875 385 910 in
425 873 654 910 Ruhnkenii
694 874 847 909 domum
879 873 1058 910 beneficii
1089 883 1243 918 caussa,
1274 883 1334 908 me
1364 882 1572 917 omnesque
1603 873 1701 911 b0-,

268 940 338 966 nos
369 930 531 966 Senatui
562 929 818 975 Reipublicae
848 930 1032 974 Batavae,
1063 934 1100 965 et
1131 929 1385 976 Curatoribus
1418 928 1534 963 huius
1566 929 1675 963 Aca>-

268 985 433 1036 demiae,
463 986 650 1021 maximas
681 985 825 1020 habere
855 986 1019 1032 gratias,
1050 985 1141 1030 quin
1174 986 1270 1019 haec
1309 984 1485 1018 scribens
1516 985 1672 1028 profite-

267 1051 344 1090 rer,
373 1041 613 1077 committere
643 1041 743 1076 haud
776 1042 894 1086 potui.

380 1099 431 1133 Et
461 1096 563 1141 quod
593 1107 712 1142 saepe
743 1097 847 1132 vitae
878 1096 1105 1131 facilitatem
1137 1096 1175 1130 in
1199 1095 1437 1132 Ruhnkenio
1468 1094 1678 1140 praedica-

269 1153 417 1199 vimus,
459 1156 519 1187 est
558 1152 623 1187 illa
663 1153 838 1198 profecto
871 1153 1035 1199 egregia
1076 1155 1114 1187 et
1154 1162 1273 1197 prope
1310 1151 1442 1186 divina
1480 1150 1679 1186 felicitatis

269 1219 384 1255 pars·,
422 1209 456 1243 si
500 1207 653 1253 quidem
691 1209 739 1245 ab
781 1219 828 1244 ea
868 1204 1151 1255 Homerus*⁸*)
1192 1209 1294 1243 Deos
1333 1207 1569 1242 immortales
1599 1210 1678 1254 ῥεῖα

271 1265 420 1309 ζώοντας
451 1264 684 1310 appellavit:
717 1267 757 1300 et
791 1262 994 1313 Stoici‚†)
1040 1264 1253 1309 sapientem
1294 1263 1420 1299 omnia
1459 1272 1572 1308 quam
1614 1263 1679 1296 fa·-

272 1500 299 1538 ‘)
324 1499 598 1533 Honoratissimi
631 1501 755 1538 cives,
792 1506 938 1539 quorum
964 1499 996 1528 in
1030 1499 1152 1537 primis
1177 1498 1213 1527 in
1231 1495 1447 1535 perficiendo
1473 1496 1540 1526 hoc
1563 1501 1684 1535 nego-⁴

315 1546 364 1575 tio
392 1544 504 1575 valuit
526 1547 738 1583 auctoritaS,
765 1545 905 1575 fuerunt
937 1543 986 1573 illi
1012 1550 1099 1573 sane
1125 1543 1338 1578 Literni-um,
1363 1548 1433 1572 non
1450 1540 1563 1571 solum
1582 1548 1681 1571 amo-

315 1597 354 1620 re
379 1588 442 1619 sed
467 1593 504 1619 et
526 1590 689 1623 scientia.
717 1592 863 1630 cogniti.
912 1589 1069 1626 Quatuor
1093 1591 1196 1618 erant
1225 1585 1422 1617 Curatores
1449 1585 1682 1616 Academiae:

318 1638 414 1673 tres,
446 1634 647 1673 quibuscum
681 1634 893 1666 Ruhnkenio
934 1634 1084 1672 mihique
1117 1633 1243 1663 notitia
1266 1633 1542 1661 intercesserat:
1566 1630 1602 1660 Ρ.
1640 1630 1680 1660 1,.

316 1687 386 1709 van
419 1678 462 1708 de
493 1679 682 1720 Kasteele,
705 1679 817 1713 Ictus,
843 1679 942 1717 Reip.
969 1679 1143 1709 Senator:
1171 1677 1273 1708 Fred.
1302 1683 1369 1706 van
1395 1676 1553 1715 Leyden‚
1577 1675 1683 1715 ictus,

316 1725 414 1762 Reip.
440 1724 612 1755 Senator:
640 1724 663 1754 Ι.
690 1724 729 1755 G.
757 1725 866 1761 Halm,
891 1724 997 1763 lctus,
1020 1723 1249 1753 senatorius:
1275 1725 1421 1760 quartus
1441 1722 1481 1751 H.
1507 1723 1546 1751 Α.
1573 1720 1683 1753 Bake.

314 1768 441 1798 Medic.
485 1768 637 1807 Doctor‚
672 1770 902 1809 magistratus
928 1769 1108 1805 municipii
1129 1767 1328 1805 heydensis
1358 1767 1488 1796 socius.
1530 1766 1685 1796 Senatus

317 1821 492 1854 caussam,
517 1814 560 1843 ab
583 1813 653 1844 illis
677 1813 719 1843 ad
745 1821 785 1844 se
811 1813 980 1853 delatam,
1006 1811 1116 1843 tribus
1141 1811 1320 1841 mandavit
1350 1810 1602 1848 senatoribus,
1627 1810 1681 1848 qui

316 1858 358 1888 de
374 1866 414 1888 ea
429 1861 688 1896 cognoscerent
704 1857 794 1889 etad
808 1860 917 1897 ipsum
935 1858 1123 1888 referrent.
1149 1856 1191 1886 Hi
1209 1856 1360 1893 fuerunt,
1384 1855 1421 1884 H.
1441 1862 1511 1884 van
1533 1855 1682 1894 Royen:

319 1904 365 1932 lo.
393 1903 552 1933 Lublink.
579 1906 707 1933 vetere
733 1903 816 1933 mihi
843 1903 997 1933 amicitia
1033 1902 1258 1937 coniunctus,
1292 1899 1334 1929 de
1360 1900 1509 1938 ingeniis
1535 1899 1685 1929 biteris-

317 1956 383 1986 qne
409 1947 560 1985 Belgicis
585 1948 732 1986 egregie
759 1949 922 1978 meritus:
947 1948 982 1977 s.
1007 1953 1075 1976 van
1102 1946 1376 1985 Hoogstraateu.
1402 1942 1537 1974 Caussa
1560 1944 1602 1974 ab
1631 1944 1684 1972 liis

316 1992 480 2032 probata,
518 1992 711 2022 accedente
749 1993 965 2031 reliquorum
999 1992 1213 2021 senatorum
1248 1989 1448 2027 voluntate,
1475 1989 1604 2020 factum
1629 1993 1682 2018 est

315 2040 350 2070 in
377 2046 451 2068 eam
477 2038 689 2068 sententiam
717 2036 1076 2068 senatusconsultum.

269 2106 315 2144 ”J
340 2106 394 2137 De
418 2104 619 2135 Ruhnkenii
643 2103 854 2134 bibliotheca
880 2103 1022 2141 optimis
1048 2102 1146 2132 libris
1170 2109 1274 2140 quum
1307 2101 1411 2132 editis
1443 2104 1514 2130 tum
1545 2098 1685 2130 ineditis

320 2152 468 2192 egregie
491 2151 664 2179 instructa
689 2149 730 2179 cf.
755 2156 863 2187 supra
887 2156 963 2188 pag.
990 2147 1042 2178 ed.
1069 2155 1121 2186 pr.
1146 2147 1226 2177 255.
1252 2149 1287 2176 et
1311 2145 1365 2175 68.
1391 2145 1444 2175 De
1470 2147 1543 2175 toto
1567 2147 1684 2175 autem

317 2198 383 2228 hoc
399 2195 555 2233 negotio,
572 2193 839 2233 Wyttenbachii
853 2194 1013 2231 inprimis
1029 2192 1210 2222 voluntate
1228 2191 1459 2229 consiliisque
1471 2193 1506 2220 et
1520 2192 1685 2228 suspecto

318 2246 355 2272 et
379 2240 420 2271 ad
447 2240 586 2270 felicem
612 2241 742 2269 exitum
767 2239 930 2277 deducto,
957 2244 1087 2276 operae
1119 2237 1267 2275 pretium
1291 2243 1371 2265 esse
1395 2235 1444 2264 ait
1470 2234 1684 2273 Bergmanus

320 2284 486 2316 conferre
511 2285 625 2314 Vitam
653 2283 902 2322 Vi'yttenbach.
929 2289 1006 2321 pag.
1035 2281 1107 2312 159.
1129 2289 1201 2321 sqq.
1227 2280 1298 2311 ΕΒ.

271 2352 332 2391 “··)
354 2352 444 2382 lliad.
473 2348 497 2388 ζ,
519 2349 595 2380 138.

276 2416 323 2461 ³5]
341 2417 544 2449 Huiusmodi
568 2416 678 2447 fuisse
702 2418 899 2448 Stoicorum
933 2412 1147 2459 παράδοξον,
1173 2423 1247 2445 cum
1273 2413 1414 2444 aliunde
1441 2411 1585 2451 colligo,
1611 2415 1684 2442 tunt

322 2471 342 2494 e
370 2462 542 2494 Cicerone
563 2463 597 2491 in
618 2461 716 2492 Orat.
743 2471 804 2501 pro
832 2463 870 2492 L.
899 2460 1005 2492 Corn.
1034 2461 1151 2498 Balbo,
1171 2459 1200 2490 1.
1230 2475 1273 2479 —
1306 2457 1475 2488 nonnulli
1499 2455 1613 2486 literis
1637 2464 1682 2483 m·

323 2508 454 2538 studiis
468 2507 658 2537 doctrinae
673 2507 788 2538 dediti
812 2507 919 2547 quasi
935 2505 1112 2547 quiddam
1129 2502 1337 2534 incredibile
1354 2501 1475 2532 «licere.
1495 2499 1682 2540 putaban-

324 2553 404 2592 tur,
437 2560 534 2588 emn,
567 2553 629 2591 qui
660 2560 780 2582 omnes
812 2551 936 2581 (ιηίηιο
968 2550 1127 2581 virtutes
1162 2547 1310 2587 penitus
1333 2545 1681 2585 comprehendisset,

323 2595 444 2627 omitia
479 2603 573 2635 (luae
596 2594 759 2636 faceret,
783 2595 962 2635 facillime
995 2595 1174 2626 tractare.
1222 2592 1316 2629 Quod
1339 2599 1407 2621 non
1425 2598 1504 2620 cum
1527 2590 1683 2620 Manutio

324 2646 360 2673 et
385 2641 548 2671 Abramio
575 2643 742 2671 universe
759 2642 801 2672 ad
833 2641 916 2672 illud
946 2641 1166 2679 Stoicorum,
1199 2637 1397 2676 sapientem
1430 2636 1586 2666 omnium
1619 2642 1684 2664 ar-

324 2686 418 2717 tium
442 2684 771 2726 doctrinarumque
793 2685 956 2726 peritum
979 2693 1066 2724 esse,
1081 2683 1145 2715 sed
1162 2683 1276 2721 potius
1294 2680 1337 2711 ad
1359 2680 1538 2719 peculiare
1557 2679 1664 2710 decre

324 2737 398 2762 tum
424 2730 466 2759 de
486 2726 632 2769 εὐκολίᾳ,
662 2730 823 2761 referam.
876 2731 972 2761 Hanc
987 2732 1084 2760 vitae
1104 2729 1351 2765 actionumque
1373 2726 1593 2763 facilitatem,
1621 2732 1686 2754 vo-
