1816 3233
645 210 950 253 -185-

94 280 336 321 Pag.ed.princ.

228 327 359 359 iudicio
382 329 535 370 putares
558 329 612 360 uti
635 329 841 361 literarum.
882 326 1105 369 Quamquam
1131 325 1242 358 erant
1265 324 1428 363 literati‚·
1451 324 1513 356 sed

233 373 267 403 et
290 373 378 405 alii.-
414 374 448 405 hi
478 375 596 406 autem
633 375 762 413 optime
791 374 846 404 uti
875 373 1002 413 linqua
1027 372 1163 404 Latina
1191 370 1432 413 putabantur.
1469 371 1512 401 de

230 417 351 458 quibus
377 419 448 450 vid.
474 419 586 450 Hand.
611 418 763 450 Turseli.
789 417 830 448 11.
858 426 935 458 pag.
961 418 1039 449 516.

95 462 250 496 89.vs.3.
277 462 400 495 obiret.
447 465 525 495 vid.
551 464 629 495 adn.
654 464 696 495 ad
720 463 849 494 Mun-et.
877 462 958 493 Vol.
984 462 1010 493 1.
1044 470 1122 502 pag.
1149 460 1226 492 430.
1274 461 1337 491 Vs.
1363 468 1414 500 sq.
1447 467 1510 498 pro

230 517 290 538 vv.
314 508 504 548 frustrata
529 511 582 540 est
605 509 683 540 luce
713 508 804 539 malo
833 507 1006 539 destituta
1030 508 1083 538 est
1114 507 1265 546 sperata
1295 507 1397 546 luce,
1433 506 1514 544 quia

229 553 335 583 verbi
367 554 573 593 deponentis
601 554 789 594 frustrari
822 553 981 591 particip.
1007 551 1094 591 perf.
1121 554 1175 582 est
1204 553 1237 581 iu
1262 553 1304 581 iis
1329 551 1513 589 deponen-

231 598 317 628 tium
350 600 560 638 participiis,
594 606 680 638 quae
706 606 775 629 non
808 599 896 628 satis
926 598 1128 637 probentur.
1178 596 1257 627 vid.
1283 597 1424 635 Zumpt.
1448 595 1511 626 Gt·-

230 642 271 672 L.
296 643 330 681 S.
355 643 433 673 632.
456 643 631 683 Krueger.
658 643 691 681 S.
718 643 795 673 137.
829 641 881 673 Cf.
909 643 991 673 infr.
1014 641 1093 681 215,
1121 641 1174 671 13.

35 690 50 696 “
98 704 136 712 -
157 687 241 718 -6,
267 688 575 719 narratiunculis.
623 687 675 719 Cf.
702 687 746 719 ad
771 688 899 718 Muret.
925 687 1005 719 Voi.
1033 687 1056 717 l.
1095 694 1171 725 pag.
1197 686 1275 716 377.
1303 703 1338 709 —
1366 686 1430 716 Vs.
1458 684 1511 716 16.

228 738 294 771 pro
319 732 526 772 Septembre
549 735 718 772 scriptum
746 733 930 772 oportebat
954 731 1178 773 Septembri,·
1208 731 1251 761 de
1278 730 1515 771 Eloquentiae

226 776 451 816 professione
480 778 700 819 ordinaria,
730 779 752 809 i.
786 786 818 808 e.
852 785 999 808 munere
1031 776 1250 807 professoris
1284 775 1514 815 Eloquentiae

231 821 414 863 ordinarii,
439 822 506 853 vid.
533 822 574 852 ad
604 830 680 862 pag.
707 822 763 863 61,
790 823 843 853 16.
870 827 905 854 et
929 823 1070 854 Nolten.
1095 821 1182 852 Lex.
1200 821 1316 851 Autib.
1343 828 1420 860 pag.
1435 820 1512 852 693.

229 873 282 941 sui.
339 866 393 897 De
424 875 481 897 vv.
516 868 619 898 modo
652 868 837 899 antecedd.
868 876 940 898 non
972 868 1108 899 malam
1138 866 1279 908 quidem
1308 866 1411 896 illam
1443 865 1511 896 vid.

229 917 249 941 a
298 919 378 952 pag.
403 912 458 949 95,
485 911 538 943 14.

98 954 264 988 -—18.
288 956 331 987 de
356 956 513 989 Dor-tore
536 957 755 988 umbratico.
804 957 880 988 Vid.
915 955 1043 987 Krebs.
1080 956 1197 988 Antib.
1231 963 1310 996 pag.
1348 954 1425 986 ¹784.
1459 963 1512 995 sq.

230 1003 265 1032 et
287 1000 365 1032 565.
390 1003 425 1033 iu
451 1011 486 1032 v.
516 1001 805 1034 Paedautismus.

97 1063 136 1071 —
156 1062 193 1069 —
209 1045 266 1077 20.
291 1046 548 1079 Antecessoris.
597 1048 654 1079 Sic
678 1049 802 1079 vocari
827 1048 918 1078 iuris
932 1045 1172 1087 professorem
1194 1047 1312 1077 notum
1333 1047 1388 1077 est
1407 1045 1514 1077 etiam

230 1092 417 1123 tironibus.

94 1135 246 1167 90.—3.
270 1137 314 1168 ut
334 1138 546 1169 censeretur
568 1136 747 1169 studebat.
786 1138 893 1168 Huius
919 1139 1124 1168 structurae
1149 1137 1348 1175 exemplum
1373 1135 1514 1166 laudant

231 1182 323 1213 hunc
347 1182 478 1213 iocum:
516 1181 656 1214 Caesar
679 1184 836 1214 mast-ime
860 1181 1050 1223 studebat,
1089 1183 1131 1212 ut
1155 1198 1196 1203 --—
1221 1182 1315 1212 hauc
1349 1182 1515 1221 (partem

230 1227 375 1266 oppidi)
407 1243 446 1248 —-
473 1226 517 1258 ab
547 1227 689 1268 reliqua
717 1229 827 1268 parte
857 1227 1080 1259 eoeclucleret.
1136 1227 1239 1258 Auct.
1269 1226 1326 1257 lib.
1357 1226 1401 1258 de
1432 1226 1514 1258 Beli.

231 1271 422 1304 Alexandr.
448 1280 522 1311 cap.
551 1273 583 1303 1.

95 1314 194 1346 92-
213 1313 269 1347 18.
292 1315 452 1348 Latinae
473 1316 678 1348 cathedrae.
727 1315 780 1348 cf.
806 1317 848 1347 ad
873 1315 950 1355 277,
973 1316 1028 1347 22.

95 1360 202 1392 93.-
218 1359 272 1391 13.
297 1362 516 1393 nativitatis.
553 1361 737 1393 Vocabulo
764 1362 844 1392 huie
868 1370 1020 1401 prorsus
1045 1361 1238 1392 reiiciendo
1263 1359 1424 1392 substitui
1450 1360 1514 1391 de-

233 1406 336 1438 bebat
359 1408 473 1438 ortus.
522 1405 595 1438 Cic.
621 1407 664 1437 de
690 1407 801 1447 Legg.
828 1407 869 1447 11,
894 1407 928 1446 2,
952 1408 984 1438 5.
1010 1408 1062 1438 ita
1087 1416 1194 1448 ιμιηηι
1220 1407 1305 1437 ortu
1334 1405 1515 1437 Tuscula-

229 1460 299 1482 nus
323 1453 415 1484 esset
436 1451 596 1491 (Cato),
624 1453 769 1484 civitate
786 1452 988 1495 Romanus,
1014 1452 1138 1484 habuit
1163 1453 1322 1484 alteram
1347 1452 1418 1482 Ioci
1440 1459 1514 1492 pa-

230 1497 360 1538 triam,
384 1497 542 1529 alteram
567 1498 670 1528 iuris.

99 1556 136 1564 -
159 1557 195 1563 -
212 1540 266 1572 1⁷.
292 1542 457 1574 eruditae
479 1543 649 1574 civitatis.
697 1542 774 1573 Vid.
801 1542 930 1574 Krebs.
959 1542 1075 1574 Antii).
1110 1549 1190 1583 pag.
1216 1542 1293 1573 326.
1327 1541 1371 1573 cf.
1409 1548 1517 1582 supra

232 1588 274 1618 ad
300 1595 376 1627 pag.
402 1588 442 1628 2,
468 1587 520 1618 16.
568 1588 645 1618 Non
672 1589 782 1629 inagis
808 1589 979 1628 probatur
1003 1589 1153 1619 laterata
1178 1589 1310 1619 civitas
1333 1595 1422 1628 quae
1448 1596 1516 1618 vo-

231 1635 334 1664 catur
355 1633 451 1665 infra
474 1641 553 1673 pag.
568 1632 644 1671 164,
669 1635 701 1663 5.

95 1674 247 1708 94.-6.
273 1677 431 1709 valuisse
461 1679 639 1709 adversus
674 1678 959 1719 Pl'esselinqium.
1014 1677 1087 1709 Cic.
1128 1677 1234 1709 Acad.
1274 1677 1321 1717 Π,
1358 1676 1421 1714 27,
1458 1677 1515 1708 86.

236 1722 300 1754 hoc
323 1731 442 1754 nonne
465 1723 608 1754 videtur
633 1724 765 1754 eontra
792 1723 825 1754 te
848 1722 999 1755 valere?
1023 1738 1065 1745 -
1099 1723 1196 1761 Quod
1221 1724 1382 1762 sequitur
1404 1723 1515 1753 inuu-

232 1767 441 1809 merubiles,
466 1776 509 1800 ea
534 1771 590 1799 est.
613 1768 727 1799 formu
744 1767 996 1807 Ciceroniana3
1023 1770 1134 1800 altera
1159 1768 1341 1798 innumeri
1365 1769 1516 1807 poetica.

97 1812 250 1844 95.—5.
276 1812 396 1844 Nunc.
444 1813 552 1844 lmino
578 1814 669 1853 iam,
695 1814 769 1843 ium
794 1822 891 1844 Δυθνο.
931 1814 973 1844 cf.
999 1814 1040 1843 ad
1065 1813 1127 1850 72,
1151 1813 1183 1842 7.
1211 1829 1251 1834 -
1280 1813 1330 1843 De
1354 1820 1427 1852 seq.
1454 1813 1517 1843 ad·-

236 1859 318 1889 iect.
344 1859 564 1889 uniuersalis
586 1859 655 1888 vid.
681 1857 880 1889 ad-Mltret.
907 1858 987 1888 Vol.
1012 1858 1038 1888 1.
1066 1866 1142 1898 pag.
1170 1856 1243 1888 159.

101 1920 138 1928 -
159 1920 194 1926 —
213 1902 269 1935 12.
294 1902 376 1934 inde
399 1912 423 1933 a
449 1904 555 1942 lonqo
579 1903 752 1942 tempore.
802 1901 855 1933 Cf.
883 1903 926 1934 ad
950 1903 1016 1942 22,
1042 1903 1097 1935 11.
1146 1903 1199 1933 De
1225 1911 1256 1932 v.
1284 1902 1517 1942 superstrue-

233 1947 372 1980 bantur
397 1948 443 1979 cf.
468 1948 691 1985 Quinctilian.
719 1947 750 1985 1,
775 1947 813 1985 4,
837 1950 871 1979 5.
904 1957 997 1989 quae
1022 1948 1306 1989 (yrammatice)
1332 1948 1403 1978 uisi
1426 1955 1517 1978 ora-

232 1994 323 2024 toris
355 1992 476 2033 futuri
512 1992 753 2033 fundamenta
787 1991 946 2032 fideliter
981 1994 1128 2034 iecerit,
1172 1992 1345 2032 quidquid
1383 2000 1517 2031 super-

232 2039 436 2073 struoeeris‚
462 2038 623 2068 corruet.
650 2045 748 2075 quem
774 2037 887 2068 locum
913 2038 1044 2068 frustra
1069 2038 1290 2077 quaesiveris
1313 2037 1402 2075 apud
1425 2037 1517 2068 For-

233 2083 350 2114 cellin.
398 2082 508 2113 Habet
532 2082 735 2119 Gesnems,
767 2084 868 2113 cuius
898 2083 1059 2114 doctrina
1090 2085 1123 2113 et
1153 2084 1263 2121 copiis
1294 2090 1415 2122 parum
1439 2082 1518 2111 dili-

236 2130 362 2168 genter
390 2129 446 2158 usi
479 2127 662 2167 videntur,
695 2128 753 2167 qui
777 2129 969 2160 Forceilini
992 2128 1151 2160 Lexicon
1184 2135 1294 2166 nuper
1328 2127 1418 2166 apud
1452 2135 1517 2157 nos

234 2172 430 2204 ediderunt.

104 2236 140 2242 —
160 2217 270 2250 —14.
302 2217 578 2258 probatissimae
613 2216 753 2257 quidem
792 2218 866 2248 illo.
929 2218 1095 2249 Scribere
1132 2217 1279 2249 debebat
1313 2215 1416 2257 prob.
1453 2217 1518 2247 illo

234 2262 400 2302 quidem;
436 2262 495 2292 sed
528 2265 561 2292 in
598 2263 663 2293 hoc
701 2262 885 2302 aliquoties
917 2265 1077 2300 peccavit
1108 2263 1296 2302 Wyttenb.
1332 2263 1377 2293 cs.
1410 2270 1518 2301 supra

234 2308 289 2347 89,
313 2308 345 2338 5.
371 2306 464 2337 infra
489 2308 544 2338 96.
570 2312 660 2338 extr.
687 2306 763 2346 109,
791 2307 841 2337 12.

103 2369 140 2376 —-
163 2352 272 2384 -20.
296 2353 489 2384 novissima
520 2354 686 2392 tempora
725 2360 793 2382 nou
834 2354 916 2382 sunt
946 2354 1217 2394 recentissima,
1256 2351 1345 2391 quod
1376 2351 1521 2384 voiebat

234 2399 368 2438 Wyu„
392 2397 455 2428 sed
482 2398 658 2428 etz-trema.
708 2396 763 2427 De
789 2406 847 2427 vv.
874 2397 1110 2438 Reliquorum
1135 2399 1291 2429 omnium
1317 2397 1362 2429 cf.
1380 2397 1519 2438 Zumpt.

238 2445 272 2473 in
297 2443 385 2473 libro
412 2450 517 2482 supra
543 2445 752 2480 memorato,
777 2441 965 2482 Ausjqabeu
992 2445 1062 2474 etc.
1089 2450 1167 2483 pag.
1193 2443 1270 2481 281,
1295 2443 1326 2474 2.

105 2488 275 2520 ——23.
300 2487 424 2519 obiter.
473 2486 553 2518 Vid.
586 2487 627 2518 ad
662 2489 789 2518 Mutet.
821 2487 901 2518 Vol.
936 2487 959 2517 Ι.
995 2494 1074 2527 pag.
1114 2487 1192 2518 217.
1230 2489 1358 2520 lirebS.
1398 2488 1519 2519 Anub.

236 2541 312 2574 pag.
334 2531 411 2564 543.

102 2579 202 2611 96.—
219 2578 272 2611 10.
298 2578 472 2609 decimum
497 2578 671 2617 quintum.
718 2577 847 2608 Melius
873 2579 951 2608 erat
975 2580 1009 2608 et
1034 2579 1199 2609 usitatius
1232 2578 1396 2619 quintum
1419 2577 1518 2609 deci-

239 2632 336 2656 mum
368 2622 424 2653 vel
454 2622 580 2653 saltem
613 2623 787 2653 decimum
822 2622 856 2652 et
888 2623 1064 2662 quintum.
1117 2623 1306 2654 Contraria
1335 2624 1427 2654 ratio
1458 2631 1519 2654 se-

236 2668 374 2708 quenda
397 2669 453 2698 est
476 2669 511 2698 iu
534 2669 578 2698 iis
603 2668 773 2706 numeriS,
798 2668 856 2707 qui
882 2669 1100 2698 vicenarium
1119 2671 1325 2710 sequuntur.
1353 2667 1405 2699 Cf.
1423 2668 1518 2699 infra

237 2715 282 2745 ad
308 2720 387 2751 pag.
413 2711 491 2752 131,
515 2712 547 2742 2.

104 2775 141 2782 —
163 2775 199 2782 —
217 2758 271 2790 15.
308 2758 432 2790 stilum
475 2758 524 2789 ad
564 2759 744 2799 eyreqiccm
789 2758 966 2788 orationis
1007 2756 1224 2798 facultatem
1266 2758 1517 2790 exercitatum.

235 2803 383 2843 Proprie
412 2803 446 2835 11.
479 2803 502 2834 l.
532 2806 569 2835 et
599 2808 698 2835 recte
729 2802 856 2835 dicitur
885 2803 991 2834 stilus
1017 2818 1058 2825 -
1082 2803 1330 2847 exerc-italia,
1368 2804 1424 2836 ein
1448 2811 1515 2843 ge-
