1833 3237
111 318 183 344 nae
219 317 316 343 suae
355 310 615 355 monumenta,
666 308 735 343 sed
773 308 903 353 potius
944 308 1103 343 miretur
1147 318 1234 344 eum
1278 310 1353 345 tam
1401 309 1521 346 multa

111 364 296 410 edidisse,
335 366 379 399 ut
409 374 567 401 numero
601 364 736 409 paucis
768 366 925 399 nostrae
954 364 1095 399 aetatis
1134 364 1260 400 doctis
1299 365 1520 401 hominibus

111 420 282 465 cederet,
312 419 481 455 bonitate
512 424 657 455 tantum
689 430 763 455 non
796 430 930 455 omnes
960 423 1176 465 superaret.

221 477 328 523 Ergo
360 475 544 521 quidquid
574 476 770 521 integrum
801 476 1066 521 intactumque
1106 476 1153 511 ab
1185 476 1245 512 his
1277 477 1387 522 quasi
1417 480 1519 512 tem-

110 540 243 576 porum
276 531 568 576 studiorumque
599 531 782 577 Harpyiis
814 532 971 567 auferre
1011 531 1087 566 sibi
1118 542 1164 566 ac
1194 542 1355 568 servare
1385 536 1519 578 posset

109 587 192 633 otii,
224 587 297 622 hoc
327 587 471 623 biteris
502 587 693 623 tribuebat
733 591 771 623 et
802 587 968 623 maxime
1005 587 1159 632 quidem
1190 589 1363 624 Latinis:
1411 590 1613 629 recte125

108 642 290 677 iudicans
339 643 416 678 sibi
466 642 542 677 iam
592 642 726 678 harum
777 643 1059 688 professionem
1100 644 1247 679 tenenti
1293 644 1519 680 faciundum

109 708 214 748 esse,
245 700 287 733 ut
317 698 406 743 quid
439 698 478 734 in
509 698 560 734 iis
589 704 738 747 posset,
769 699 899 744 aliquo
929 699 1142 745 specimine
1173 699 1410 736 ostenderet.
1470 701 1521 736 Et

109 764 204 790 vero
235 754 357 800 elegit
386 754 459 790 sibi
490 755 674 799 quosdam
705 755 928 800 Scriptores
958 765 1055 800 quos
1093 755 1301 800 aliquando
1332 756 1520 791 emenda-

109 813 171 845 tos
201 810 493 855 illustratosque
532 810 680 854 ederet,
721 821 882 855 quorum
923 811 1020 846 adeo
1060 811 1149 845 aliis
1180 812 1220 847 in
1251 811 1520 856 scriptoribus

109 868 148 901 et
177 865 350 910 antiquis
379 868 418 901 et
449 866 562 900 novis
592 866 772 912 legendis
803 867 1136 911 excerpendisque
1166 867 1352 902 rationem
1397 868 1520 903 habe-

107 923 180 957 ret.
241 921 291 956 Hi
322 926 401 955 tres
426 920 465 956 in
496 920 630 966 primis
654 922 830 956 fuerunt:
862 922 1036 957 Rutilius
1062 923 1210 967 Lupus,
1241 923 1418 957 Velleius
1440 925 1518 959 Pa-

108 976 295 1028 terculus,
323 976 372 1012 de
402 976 542 1021 quibus
573 977 677 1012 infra
707 977 899 1012 dicemus:
939 977 1092 1021 tertius,
1133 977 1339 1014 Cornelius
1371 979 1519 1023 Nepos,

108 1033 221 1068 Hunc
251 1032 352 1068 enim
383 1032 597 1068 seeundum
634 1033 875 1080 Ciceronem,
905 1033 1095 1078 simplicis
1127 1034 1362 1078 nativaeque
1393 1044 1516 1069 venu-

109 1088 224 1123 statis
254 1098 410 1132 caussa,
456 1088 622 1124 maxime
653 1089 885 1124 mirabatur:
927 1089 1044 1124 huius
1075 1089 1200 1139 dotes,
1242 1099 1324 1124 cum
1365 1093 1521 1135 propter

109 1144 352 1187 corruptelas
386 1144 623 1189 scripturae,
660 1148 739 1180 tum
781 1148 936 1190 propter
982 1145 1264 1193 ignorationem
1298 1145 1360 1180 vel
1392 1150 1520 1181 mate-

108 1199 192 1234 riae
221 1199 283 1233 vel
316 1199 578 1244 proprietatis,
609 1200 737 1235 minus
768 1211 880 1245 quam
912 1211 979 1246 par
1009 1206 1116 1236 esset
1146 1212 1167 1235 a
1194 1201 1326 1236 mullis
1357 1201 1519 1248 percipi,

108 1259 148 1290 et
177 1254 344 1300 dolebat,
391 1259 430 1290 et
458 1259 500 1291 ut
530 1255 718 1301 quoddam
752 1257 933 1291 bonorum
974 1257 1190 1292 studiorum
1222 1256 1400 1292 damnum
1433 1267 1520 1292 mo-

108 1311 207 1346 leste
247 1311 421 1347 ferebat:
471 1311 535 1347 cui
575 1312 825 1347 resarciendo
865 1307 983 1347 edere
1030 1313 1190 1358 parabat
1238 1313 1428 1358 Nepotem
1471 1313 1520 1347 ad

106 1377 347 1403 communem
387 1367 687 1415 intelligentiam
728 1369 988 1414 patefactum3
1037 1368 1091 1404 ita
1131 1372 1175 1404 ut
1222 1369 1388 1404 caeteris
1426 1369 1520 1414 qui-

107 1423 192 1459 dem
225 1423 453 1459 emendandi
483 1424 842 1470 interpretandique
882 1425 1108 1461 muneribus
1140 1426 1310 1460 breviter
1349 1425 1519 1460 satisfa-

108 1481 227 1525 ceret,
258 1479 506 1525 praecipuum
539 1491 633 1516 vero
664 1484 703 1516 et
732 1480 940 1516 maximum
983 1481 1109 1516 locum
1141 1481 1252 1516 daret
1282 1482 1520 1517 Graecorum

108 1536 339 1578 Auctorum,
382 1546 404 1570 e
440 1536 581 1580 quibus
614 1536 797 1572 historiae
828 1536 1025 1573 materiam
1065 1538 1205 1573 sumsit
1236 1538 1382 1583 Nepos,
1420 1537 1520 1573 locis

108 1591 364 1637 apponendis,
396 1591 596 1636 Herodoti,
627 1592 885 1637 Thucydidis,
916 1593 1202 1640 Xenophontis,
1234 1594 1403 1638 Polybii,
1439 1597 1519 1628 tum

110 1657 205 1683 vero
235 1647 488 1695 perditorum,
525 1648 778 1694 Theopompi,
817 1645 979 1694 Ephori,
1019 1649 1179 1694 Timaei,
1218 1649 1442 1695 Plistarchi,
1483 1651 1522 1683 et

108 1703 144 1739 si
174 1703 241 1748 qui
269 1702 336 1738 alii
367 1706 483 1749 sunt;
510 1708 552 1739 ut
582 1704 713 1740 Latini
744 1704 861 1740 rivuli
893 1715 977 1739 cum
1011 1704 1173 1740 Graecis
1203 1705 1378 1740 fontibus
1409 1714 1520 1740 com-

105 1759 236 1805 parari
267 1762 447 1804 possent:
478 1759 592 1803 quale
623 1760 696 1795 fuit
728 1760 946 1795 institutum
967 1760 1098 1795 Fulvii
1121 1761 1255 1796 Ursini
1286 1761 1326 1795 in
1348 1760 1519 1807 Virgilio

106 1814 396 1860 comparatione
435 1815 671 1850 Graecorum
712 1815 950 1861 Scriptorum
992 1815 1199 1850 illustrato.
1257 1818 1308 1852 Et
1339 1813 1612 1861 quando-126

107 1870 266 1916 quidem
305 1870 345 1906 in
376 1870 572 1916 scriptura
615 1873 653 1906 et
682 1882 796 1906 manu
827 1871 994 1916 Nepotis
1023 1872 1280 1919 restituenda,
1325 1883 1346 1907 e
1375 1882 1519 1907 recen-

105 1927 271 1962 tioribus
301 1937 403 1962 unus
432 1926 471 1961 in
504 1926 638 1971 primis
668 1927 833 1974 egregie
863 1929 1046 1962 versatus
1072 1927 1216 1962 ruisset
1243 1929 1412 1964 Ioannes
1433 1928 1520 1963 Mi-

106 1981 221 2018 chael
267 1983 564 2028 Heusingerus,
605 1979 935 2028 diligentissimae
984 1981 1044 2017 vir
1083 1983 1306 2018 doctrinae:
1356 1984 1521 2028 eiusque

107 2037 341 2083 disciplinae
377 2037 569 2084 alumnus,
610 2038 745 2072 fratris
776 2038 893 2084 filius,
932 2039 1100 2073 Iacobus
1140 2039 1376 2074 Fredericus
1407 2042 1519 2076 Heu-

106 2093 292 2139 singerus
332 2093 551 2127 earumdem
591 2092 791 2128 doctrinae
820 2093 975 2128 laudum
1006 2094 1140 2129 socius
1179 2097 1218 2129 et
1248 2096 1377 2137 heres,
1421 2096 1518 2130 haec

107 2149 239 2184 studia
278 2148 462 2195 gnaviter
492 2152 806 2194 persequeretur,
850 2150 951 2184 hunc
992 2150 1068 2184 iam
1110 2152 1226 2185 antea
1267 2152 1519 2195 epistolarum

108 2205 240 2240 officio
270 2204 347 2243 sibi
377 2204 624 2240 coniunctum
657 2207 695 2240 et
728 2205 956 2239 familiarem
989 2206 1246 2240 Ruhnkenius
1278 2207 1519 2254 hortabatur,

105 2263 149 2296 ut
177 2260 306 2305 patrui
336 2259 503 2294 schedas
534 2249 670 2295 sedulo
703 2263 1028 2305 per,scrutaretur
1068 2260 1103 2294 si
1134 2261 1224 2305 quid
1258 2263 1359 2297 forte
1389 2262 1520 2298 inedi-

106 2318 186 2351 tum
227 2305 578 2351 animadversionis
630 2316 676 2350 ad
719 2316 910 2360 Nepotem
950 2315 1156 2352 invenir.et
1237 2319 1296 2353 Ita
1342 2319 1519 2353 Heusin-

105 2380 228 2419 ger-us
259 2371 307 2406 ad
338 2371 504 2417 Nepotis
534 2371 705 2406 studium
736 2372 946 2416 excitatus,
978 2382 999 2406 e
1028 2372 1264 2408 bibliotheca
1294 2375 1518 2420 Guelpher-

107 2426 254 2472 bytana
292 2427 483 2471 protraxit
521 2427 667 2462 inedita
712 2427 897 2472 quaedam
939 2427 1106 2472 Nepotis
1147 2430 1380 2475 fragmenta,
1419 2441 1519 2475 quae

108 2473 247 2528 postea
294 2481 464 2529 (1766.)
514 2493 675 2528 recusa,
730 2483 846 2518 simul
895 2492 978 2518 cum
1029 2484 1162 2519 libello
1210 2485 1341 2520 Mallii
1383 2486 1519 2522 Theo-

109 2538 194 2574 dori
224 2539 272 2574 de
301 2538 458 2585 Men-is,
490 2538 724 2574 Ruhnkenio
754 2538 968 2584 inscripsit,
1008 2540 1180 2575 editione
1211 2542 1315 2576 facta
1346 2541 1510 2589 Lugdu-

107 2591 440 2641 nibatavorum.*)
503 2596 559 2630 De
592 2595 651 2630 his
689 2594 922 2642 fragmentis
949 2596 1197 2643 Heusingero
1224 2597 1274 2632 lis
1305 2607 1350 2632 ae
1382 2598 1518 2637 disce-

107 2692 139 2727 ‘)
164 2691 303 2720 Titulus
335 2693 417 2722 libri
451 2696 521 2723 est:
568 2693 691 2724 Flavii
724 2692 849 2723 Mami
882 2692 1062 2724 Theodora·
1092 2695 1136 2725 de
1165 2695 1292 2726 metris
1324 2695 1429 2727 liber.
1488 2696 1518 2725 Ε

153 2734 303 2765 vetustis
334 2736 512 2768 Thesauri
547 2737 860 2778 szlplterbytani
891 2738 1114 2769 membranis
1151 2741 1261 2771 antea
1291 2740 1518 2780 protulerat,

152 2787 251 2811 mate
286 2781 335 2811 ad
362 2780 469 2821 sidem
504 2781 614 2815 Codd.
649 2782 915 2815 varisiensium
951 2783 1167 2826 castigavit,
1207 2784 1517 2818 observationibus
