1816 3233
644 186 949 226 —121—

95 303 176 349 „ita
216 300 350 349 vigeo,
390 303 444 346 ut,
486 299 562 336 nisi
601 310 661 336 me
700 300 904 346 apoplexia
945 299 1083 345 rapiat,
1132 298 1268 335 videar
1308 307 1424 344 posse
1462 298 1509 333 ad

96 357 296 405 „eamdem
326 358 507 404 aetatem,
536 366 648 402 quam
678 358 800 390 mater
829 365 915 390 mea
947 356 1092 402 attigit,
1130 355 1170 390 id
1201 358 1261 391 est
1289 354 1337 389 ad
1369 364 1510 389 annum

99 413 204 459 „86.,
236 411 452 457 pervenire.
510 412 618 448 Ante
648 420 790 457 paucos
821 410 906 446 dies
935 411 1141 458 ingressus
1172 421 1258 446 sum
1287 420 1427 446 annum
1448 409 1512 447 69.

98 468 268 516 „Incidit
297 468 398 503 enim
430 467 572 503 natalis
601 477 711 502 meus
741 467 781 502 in
800 466 1012 502 secundum
1041 467 1213 502 Ianuarii
1244 465 1368 502 1723.
1426 465 1513 501 Nec

98 524 206 571 „ulla
245 523 324 559 alia
358 533 401 559 re
438 533 570 558 senem
609 532 671 558 me
710 523 794 558 fieri
832 522 973 567 sentio,
1014 523 1089 557 nisi
1128 522 1288 568 pigritia
1317 522 1356 558 in
1385 520 1513 557 literis

97 580 382 625 ,‚scribendiS.⁴‘
441 579 518 615 Sed
549 582 677 614 tamen
709 579 755 612 ad
786 589 901 614 unum
933 581 972 613 et
1001 578 1225 613 continuum
1245 588 1342 623 opus
1373 577 1513 612 edendi

94 636 186 672 libri
215 636 343 671 minus
373 635 539 680 patiens,
570 634 774 681 magisque
804 634 937 668 tardus
959 635 1087 669 fiebat.
1145 635 1302 669 Solebat
1323 636 1361 669 et
1382 636 1511 679 antea,

96 692 213 737 edito,
246 691 311 737 qui
341 700 428 726 eum
458 690 716 735 exercuisset,
746 689 857 735 libro,
890 691 937 725 ab
968 689 1087 724 animi
1114 689 1330 725 intentione
1368 699 1412 724 se
1442 698 1511 724 re-

94 748 230 782 laxare
260 752 299 782 et
327 746 535 791 paululum
558 745 776 790 quiescere.
836 747 886 781 Et
918 745 1047 781 nullus
1079 755 1166 791 non,
1208 755 1320 790 quem
1365 745 1510 788 ederet,

96 803 216 848 liber,
262 812 385 847 usque
426 802 516 837 dum
557 801 686 837 editus
726 805 833 837 esset
873 811 958 837 eum
998 802 1231 845 exercebat:
1273 800 1415 846 quippe
1445 801 1510 845 qui

94 858 380 905 typographica
399 857 613 907 specimina
642 857 727 902 ipse
759 860 927 892 tractare
958 857 1115 901 soleret,
1147 857 1304 892 etinter
1335 860 1511 892 tractan-

97 915 186 949 dum
215 913 357 949 multos
387 912 496 947 locos
525 915 752 959 retractare,
792 913 919 957 iisque
949 910 1193 960 corrigendis
1225 913 1511 957 mutandisque,

94 969 217 1004 multa
236 969 432 1015 evolvere,
463 967 611 1014 legere,
643 968 907 1005 commentari.
966 969 1016 1003 Et
1035 968 1154 1003 otium
1183 968 1218 1002 ei
1240 971 1337 1015 erat,
1369 977 1512 1011 operae

95 1035 170 1060 non
202 1024 385 1069 cessatio,
414 1023 482 1058 sed
506 1023 689 1058 mutatio:
721 1025 883 1059 vacabat
910 1026 1016 1059 certo
1037 1033 1158 1069 penso
1181 1024 1320 1059 edendi
1344 1022 1512 1058 alicuius

94 1080 207 1116 libri:
237 1080 430 1115 lustrabat
458 1079 607 1124 scripta
637 1089 709 1114 sua
740 1080 856 1123 edita,
888 1079 1047 1126 inedita,
1082 1079 1277 1129 absoluta,
1306 1079 1511 1114 inchoata:

97 1136 195 1171 haec
212 1146 299 1171 eum
317 1134 542 1171 observatio
563 1135 610 1169 ab
629 1135 707 1170 alio
732 1135 777 1169 ad
801 1135 916 1170 alium
940 1134 1147 1182 legendum
1173 1135 1311 1170 librum
1331 1135 1511 1182 ducebat,

95 1191 216 1227 multa
257 1191 384 1226 obiter
427 1191 814 1235 animadvertentem,
863 1191 1146 1234 emendantem,
1193 1192 1232 1226 in
1272 1190 1512 1227 adversariis

94 1249 356 1282 annotantem.
412 1247 465 1281 Et
494 1245 716 1281 huiusmodi
748 1247 832 1281 fere
863 1247 991 1282 studio
1024 1256 1091 1292 per
1120 1247 1308 1292 reliquum
1331 1246 1516 1291 deinceps
1536 1246 1616 1282 203

93 1303 198 1338 vitae
227 1304 434 1337 contentus
464 1301 553 1338 fuit.
610 1313 614 1316 ’

208 1357 463 1393 Accedebant
492 1361 662 1402 tempora
693 1367 764 1392 nec
793 1357 950 1402 publice
988 1367 1062 1393 nec
1090 1358 1270 1403 privatim
1301 1360 1514 1404 opportuna

93 1413 265 1461 longiori
300 1412 554 1458 suscipiundo
594 1414 714 1458 operi.
772 1410 1021 1451 Incredibilis
1066 1414 1134 1449 illa
1172 1424 1243 1449 nec
1283 1417 1513 1459 exspectata

95 1469 277 1506 Francici
312 1469 427 1515 regni
465 1469 684 1513 conversio,
723 1479 807 1504 cum
849 1479 919 1504 sua
960 1470 1230 1517 magnitudine
1272 1474 1310 1505 et
1340 1470 1513 1506 novitate

95 1525 375 1561 remotissimos
407 1525 523 1559 etiam
551 1525 714 1570 populos
745 1525 996 1560 advertebat:
1026 1529 1106 1561 tum
1137 1536 1232 1562 vero
1262 1526 1430 1577 vicinos,
1469 1526 1510 1561 in

95 1581 230 1628 primis
262 1580 444 1628 Batavos,
474 1580 748 1616 vehementius
778 1584 1059 1629 commovebat,
1100 1585 1139 1617 et
1168 1583 1206 1617 in
1238 1581 1411 1617 eiusdem
1443 1582 1510 1617 vi-

96 1636 343 1673 cissitudinis
374 1636 598 1671 societatem
629 1640 800 1671 tractura
831 1637 1054 1672 videbatur:
1084 1641 1240 1672 nostros
1270 1638 1403 1682 utique
1433 1637 1510 1672 ho-

95 1693 221 1729 mines
251 1692 370 1727 anxia
398 1702 526 1727 rerum
559 1692 854 1737 exspectatione
875 1702 1090 1738 suspensos
1114 1695 1285 1739 tenebat,
1316 1703 1386 1738 pro
1415 1684 1526 1739 par-'

96 1749 192 1784 tium
231 1748 473 1797 diversitate,
528 1748 588 1782 vel
636 1751 853 1782 metuentes
892 1750 1128 1783 Francorum
1167 1749 1392 1796 adventum,
1447 1749 1510 1783 vel

94 1806 284 1849 optantes.
341 1803 602 1839 Ruhnkenius
632 1803 777 1838 nullius
810 1813 883 1838 non
914 1804 1047 1848 populi
1075 1804 1285 1839 commodis
1315 1814 1361 1839 ac
1390 1804 1514 1839 liber-

95 1860 166 1895 tati
196 1859 380 1904 favebat3
419 1858 544 1906 igitur
572 1851 725 1893 illorum
757 1869 820 1893 res
853 1860 1038 1904 perpetuo
1079 1870 1163 1895 eum
1196 1860 1406 1895 sollicitum
1437 1861 1512 1895 ha-

96 1916 249 1959 bebant,
287 1914 480 1950 adversae
510 1914 754 1961 affligebant,
798 1914 925 1949 laetae
956 1916 1173 1960 erigebant.
1232 1918 1282 1950 Et
1312 1916 1400 1950 talis
1431 1918 1514 1950 fere

94 1971 180 2007 eius
222 1971 298 2007 fuit
333 1971 483 2005 animus
525 1980 572 2004 ac
610 1980 752 2004 sensus
791 1979 860 2013 per
898 1970 935 2003 id
988 1971 1088 2014 quod
1128 1975 1332 2015 supererat
1371 1971 1512 2006 aetatis

94 2027 276 2072 spatium.
338 2026 482 2061 Premit
523 2025 782 2059 Scholiastam
823 2025 998 2060 Platonis
1037 2025 1269 2071 insequente
1310 2037 1343 2062 a.
1388 2025 1510 2062 1791.

96 2082 176 2118 Vix
205 2092 342 2117 manus
372 2081 597 2116 admoverat
626 2080 746 2126 operi,
790 2090 905 2126 quum
946 2081 1036 2116 inde
1074 2085 1262 2117 avocatur
1290 2082 1395 2117 filiae
1425 2093 1512 2117 ma-

98 2137 194 2173 ioris
224 2138 356 2172 morbo
386 2136 500 2183 gravi
531 2147 627 2171 sane
657 2140 695 2172 et
714 2137 948 2182 periculoso,
981 2137 1045 2186 qui
1067 2147 1112 2172 eo
1135 2138 1405 2173 vehementius
1425 2148 1512 2173 eum

98 2193 285 2240 angebat,
317 2192 416 2237 quod
447 2192 531 2227 sola
562 2192 660 2227 haec
690 2193 726 2227 ei
758 2195 841 2227 erat
872 2193 1044 2227 familiae
1076 2203 1165 2238 pars
1196 2194 1367 2240 integra,
1398 2194 1512 2228 cuius

98 2248 365 2285 incolumitate
394 2258 438 2282 se
468 2249 672 2283 recreabat
702 2258 747 2282 ac
777 2248 1023 2301 sustentabat
1053 2248 1090 2283 in
1122 2249 1256 2284 uxoris
1287 2252 1326 2283 et
1355 2248 1514 2284 minoris

96 2304 201 2341 filiae
229 2303 462 2339 calamitate.
522 2304 605 2339 Vix
636 2304 723 2338 dum
745 2303 811 2338 illa
830 2303 1066 2349 revaluerat,
1100 2314 1184 2339 cum
1217 2314 1341 2339 novus
1372 2305 1514 2340 accidit

97 2359 206 2396 dolor
236 2369 282 2394 ex
314 2360 421 2395 obitu
451 2359 653 2394 Francisci
687 2359 985 2404 nemsterhusii‚
1008 2356 1048 2405 *J
1078 2370 1243 2405 quocum
1273 2360 1310 2395 ei
1341 2361 1514 2396 fraterna

80 2415 372 2461 .propemodum
403 2414 654 2450 necessitudo
684 2414 950 2450 intercedebat
990 2420 1027 2450 et
1067 2416 1223 2461 caritas,
1263 2416 1366 2451 haud
1397 2427 1514 2452 secus

96 2474 214 2516 atque
243 2470 428 2516 adoptato
457 2470 537 2505 filio
569 2480 654 2505 cum
692 2480 893 2516 germano.
953 2469 1060 2512 Quod
1099 2482 1216 2516 supra
1255 2471 1337 2507 dixi
1358 2468 1417 2519 **)
1462 2473 1509 2508 de
1524 2484 1604 2523 204

98 2526 335 2562 adversar-iis
376 2526 510 2570 patris,
549 2536 623 2561 non
663 2525 719 2560 ita
752 2526 1022 2570 accipiendum
1053 2530 1126 2574 est,
1166 2538 1213 2562 ac
1244 2528 1278 2563 si
1309 2537 1355 2562 ea
1384 2528 1511 2565 inter-

99 2581 300 2617 cidissent.
358 2582 522 2617 Inventa
551 2585 641 2616 sunt
662 2580 830 2629 quidem,
862 2581 931 2617 sed
960 2593 1029 2628 spe
1059 2583 1265 2629 pauciora:
1294 2583 1399 2636 libri,
1428 2585 1514 2620 eius

98 2691 127 2728 ⁸)
152 2689 204 2721 Cf.
228 2698 335 2728 supra
359 2699 437 2730 pag.
462 2691 515 2721 ed.
544 2700 593 2729 pr.
619 2689 673 2720 60.
722 2692 793 2721 FB.

100 2755 143 2792 ’Ἴ
168 2755 248 2786 vid.
275 2734 354 2795 ρης]
382 2756 453 2787 132.
481 2756 535 2786 ed.
563 2764 614 2794 pr.
664 2756 735 2786 ΕΒ.
