1816 3233
665 171 712 178 -υ
778 149 856 188 159
916 172 964 178 -

118 264 266 303 omime
309 267 499 312 tractare,
542 263 858 310 pronunciarunt.
928 264 969 299 In
1003 263 1156 299 homine
1187 263 1340 309 quidem
1371 263 1424 299 ita
1453 264 1518 299 in-

117 320 325 369 telligitur,
357 324 399 356 ut
430 320 506 356 leni
537 324 576 355 et
607 320 778 357 secundo
820 318 930 365 quasi
968 320 1061 356 ssatu
1102 320 1259 367 negotia
1299 322 1439 364 fluant,
1479 320 1517 354 in

116 377 242 422 iisque
271 375 486 412 tractandis
516 376 807 417 subeundisve,
846 374 993 419 animo,
1035 385 1216 422 corpore,
1246 375 1412 423 agendo,
1444 385 1517 421 pa-

116 433 260 479 tiendo,
289 442 362 467 non
391 432 481 482 plus
511 441 652 477 operae
682 432 903 476 laborisque
944 430 1197 477 adhibeatur,
1236 442 1349 477 quam
1389 442 1516 477 quan-

117 491 194 525 tum
229 497 391 524 necesse
421 491 483 523 est
513 497 559 523 ac
588 498 653 523 res
684 489 771 533 ipsa
802 487 995 532 postulat3
1039 490 1076 522 et
1113 488 1152 522 in
1190 486 1294 523 vitae
1326 491 1517 533 tamquam

114 540 367 591 navigatione
397 543 496 579 velis
526 544 657 588 potius
690 548 841 578 utamur
873 553 984 588 quam
1015 543 1156 592 remis,
1188 547 1405 589 ventosque
1445 544 1518 579 ob-

115 599 217 635 latos
256 600 336 635 levi
374 609 490 634 manu
535 602 572 634 et
612 599 894 645 gubernatione
930 598 966 633 in
998 609 1078 635 rem
1111 603 1279 635 nostram
1310 602 1518 636 converta-

115 665 210 692 muS.
269 657 390 700 Haec,
420 665 442 689 a
473 655 635 690 Graecis
668 655 773 690 dicta
803 652 958 697 εὐκολία,
993 658 1033 690 ut
1051 654 1191 701 virtus,
1222 656 1390 691 medium
1414 658 1520 691 tenet

114 712 214 746 inter
234 710 331 745 duas
351 710 566 746 contrarias
586 711 834 761 vitiositates,
865 711 1069 753 δυσκολίαν,
1101 721 1200 756 quae
1223 712 1328 748 curis
1348 712 1518 753 nimium,

115 770 154 802 et
191 763 384 816 εὐχέρειαν,
408 776 508 812 quae
538 776 670 812 parum
703 767 886 802 afficitur.
945 765 1002 802 Ad
1033 766 1139 802 illam
1170 767 1352 804 virtutem
1386 766 1519 802 felici—

114 825 307 868 tatemque
337 832 423 860 cum
455 823 612 858 multum
655 823 759 858 valet
795 823 881 868 ipsa
931 824 1121 868 cuiusque
1161 823 1328 859 hominis
1368 827 1519 872 natura,

113 882 193 914 tum
235 887 331 916 vero
371 879 574 924 plurimum
614 880 829 914 futurarum
870 887 995 913 rerum
1028 888 1286 926 casuumque,
1317 880 1384 924 qui
1413 878 1519 914 inci-

114 934 207 970 dere
253 938 441 984 possunt,
485 930 853 983 praemeditatio,*)
897 944 972 969 non
1012 935 1127 969 anxia
1168 935 1235 970 illa
1279 935 1436 980 quidvis
1483 938 1520 969 et

113 993 307 1037 appetens
338 994 378 1027 et
408 994 596 1036 metuens,
628 990 698 1026 sed
729 990 899 1036 prudens
942 1000 995 1026 ex
1035 990 1138 1026 iusta
1169 1001 1296 1026 rerum
1329 991 1518 1027 aestima-

112 1046 218 1083 tione
250 1057 298 1083 ac
328 1047 462 1084 solerti
492 1058 568 1084 usu
598 1048 788 1093 profecta,
818 1046 1092 1091 minimumque
1127 1047 1308 1082 fortunae
1337 1045 1519 1082 commit-

111 1105 211 1138 tens.
269 1104 541 1149 Ruhnkenius,
572 1104 638 1150 qui
668 1114 711 1139 se
743 1104 804 1139 his
835 1103 978 1139 finibus
1010 1102 1112 1137 intra
1139 1103 1362 1138 necessaria
1390 1111 1518 1149 nego-
1537 1103 1617 1140 267

112 1158 168 1194 tia
196 1159 436 1206 contineret,
476 1169 576 1205 quae
616 1163 752 1205 sponte
783 1161 973 1211 fluerent,
1015 1163 1053 1194 et
1085 1160 1260 1194 naturale
1300 1169 1410 1194 suum
1442 1159 1517 1194 iter

111 1213 311 1261 haberent,
344 1215 393 1250 de
422 1215 554 1251 futuro
585 1225 660 1251 non
702 1218 786 1251 erat
814 1216 1030 1259 sollicitus,
1064 1215 1269 1262 magisque
1299 1214 1401 1250 bona
1431 1224 1517 1250 om-

112 1269 177 1305 nia
207 1271 412 1322 sperabat,
455 1281 566 1317 quam
605 1271 706 1306 mala
744 1272 960 1306 metuebat:
1003 1271 1050 1305 ad
1094 1274 1302 1316 utrumque
1345 1273 1518 1315 paratus,

109 1327 296 1362 censebat
344 1327 541 1363 molestias
590 1336 664 1362 non
712 1327 824 1362 novis
878 1326 1069 1362 molestiis
1125 1326 1361 1363 amovendas
1412 1336 1517 1374 esse,

107 1391 300 1428 quemque
337 1382 439 1419 diem
476 1393 547 1419 sua
584 1385 623 1419 et
658 1382 899 1419 incommoda
937 1386 975 1419 et
1013 1382 1336 1419 incommodorum
1386 1393 1517 1419 reme-

110 1437 177 1473 dia
206 1438 373 1475 adferre.
432 1439 572 1484 Porro,
613 1439 758 1475 nullum
789 1439 826 1475 ei
865 1443 1016 1484 tempus
1058 1449 1080 1473 a
1117 1439 1335 1475 Literarum
1373 1440 1515 1476 studiis

110 1494 293 1530 vacabat:
325 1505 478 1541 semper
509 1495 657 1540 aliquid
689 1495 868 1542 agitabat
900 1498 938 1530 et
968 1497 1314 1542 commentabatur,
1347 1496 1445 1542 quod
1476 1496 1514 1532 in

107 1547 302 1596 publicum
335 1551 491 1598 ederet3
524 1552 608 1597 hoc,
640 1551 824 1596 quidquid
857 1554 958 1597 erat,
997 1550 1095 1586 alias
1127 1562 1261 1598 curas,
1294 1555 1400 1588 certe
1431 1552 1515 1587 sol-

108 1605 348 1654 licitudines,
382 1617 431 1642 ex
462 1608 588 1643 animo
619 1607 824 1654 abigebat:
856 1610 957 1643 totus
976 1607 1015 1642 in
1047 1606 1122 1643 hoc
1143 1610 1237 1655 erat,
1269 1609 1379 1655 quasi
1399 1618 1515 1644 unum

105 1661 200 1698 illud
249 1663 324 1699 sibi
364 1663 592 1708 subiiciens,

309 1718 440 1755 Musis
470 1719 631 1765 amicus,
664 1719 862 1755 tristitiam
893 1722 931 1754 et
961 1724 1087 1755 metus

306 1775 472 1811 Tradam
501 1775 693 1821 protervis
723 1775 762 1810 in
792 1785 898 1810 mare
932 1775 1126 1812 Creticum

376 1831 534 1866 Portare
562 1827 727 1866 ventis!
747 1828 871 1878 —**)

107 1887 157 1922 Et
181 1894 279 1923 vvero
310 1896 356 1923 eo
385 1887 510 1934 magis
539 1886 715 1922 miranda
745 1887 785 1922 in
825 1888 911 1931 ipso
953 1887 1028 1922 fuit
1065 1887 1135 1923 illa
1173 1887 1365 1932 facilitas,
1411 1890 1511 1934 quod

104 1944 257 1990 magnis
287 1953 371 1979 eam
409 1943 449 1978 in
481 1942 776 1978 difficultatibus
821 1945 1008 1988 perpetuo
1048 1943 1235 1978 servavit.
1308 1945 1406 1978 Erat
1444 1945 1513 1979 illa

104 1999 268 2036 maxime
298 1999 449 2045 quidem
483 2002 645 2034 naturae
674 1998 844 2045 bonitas,
876 1998 947 2033 sed
989 2001 1027 2033 et
1066 1999 1293 2034 exercitatio
1334 2009 1511 2036 consue-

105 2054 239 2090 tudine
279 2055 357 2090 vim
397 2058 559 2090 naturae
599 2054 759 2099 adepta,
801 2064 924 2100 eaque
962 2064 1031 2100 per
1061 2064 1193 2090 omnes
1229 2056 1334 2091 vitae
1366 2059 1511 2103 partes,

104 2111 269 2159 ingenii,
300 2111 514 2158 doctrinae,
545 2110 678 2154 animi,
708 2120 867 2157 morum,
897 2110 1152 2157 aequabiliter
1185 2111 1294 2156 fusa,
1341 2121 1510 2157 appare-

149 2289 274 2320 cabant
292 2290 377 2320 item
397 2286 549 2337 εὔροιαν,
575 2286 615 2320 τὸ
648 2286 839 2326 ἀκ-ἆλυτον,
864 2286 904 2319 τὸ
928 2286 1191 2326 ἀνεμπόδιστον.
1238 2289 1281 2319 Et
1299 2292 1355 2319 est
1377 2287 1512 2332 savoia<

149 2339 191 2364 ac
206 2333 405 2374 facilitatis
422 2334 615 2365 coniuncta
632 2336 814 2373 potestas3
832 2334 861 2363 si
886 2334 1020 2373 quidem
1044 2342 1088 2364 ex
1108 2334 1297 2364 verborum
1316 2335 1511 2373 notatione,

148 2385 250 2416 quam
269 2379 380 2409 Stoici
405 2379 711 2410 consectabantur
730 2377 814 2420 ῥεῖα,
828 2378 958 2418 facile,
986 2380 1082 2409 venit
1100 2385 1119 2407 a
1136 2377 1216 2421 ῥεῖν,
1238 2377 1361 2418 fluere
1397 2381 1510 2432 Atque

149 2423 201 2454 sic
219 2425 338 2462 potius
360 2423 580 2454 Homericum
603 2423 709 2466 ῥεῖα
696 2421 852 2461 ζώοντας,
878 2431 975 2463 quam
994 2424 1142 2453 alterum
1168 2421 1233 2466 ῥεῖ’
1261 2423 1364 2461 ἔγνων
1386 2423 1510 2454 ἀπιόν-

148 2477 218 2507 τος,
243 2470 404 2507 accipere
430 2468 610 2499 debuisset
634 2467 846 2497 Heliodorus
871 2468 1031 2506 Aethiop.
1056 2467 1115 2497 ΙΙΙ.
1131 2477 1161 2506 p
1181 2466 1260 2498 149.
1310 2466 1509 2507 Caeterum,

149 2508 289 2554 εὔροιαν
322 2514 455 2544 Seneca
488 2514 594 2551 Epist.
631 2511 739 2543 CXX.
766 2513 814 2543 ita
836 2513 1102 2551 interpretatur,
1129 2515 1164 2543 ut
1188 2512 1290 2551 plane
1314 2519 1390 2543 cnm
1405 2512 1507 2553 faci-

148 2557 252 2587 litate
276 2558 486 2589 co‘nssvffeuiat:
511 2556 607 2588 Hinc
632 2556 819 2587 intellecta
845 2556 897 2587 est
921 2557 989 2588 illa
1014 2556 1120 2588 beata
1143 2556 1240 2598 vita,
1265 2557 1424 2588 secundo
1449 2558 1508 2588 de<

142 2601 260 2640 fluens
283 2609 417 2641 cursu,
443 2602 593 2633 arbitrii
615 2603 674 2631 sui
699 2602 787 2632 tota.

109 2664 141 2699 Ἴ
167 2666 334 2698 Videatur
358 2667 484 2700 Cicero
510 2668 615 2699 Tusc.
642 2669 700 2707 lll,
731 2668 783 2701 14.
812 2668 938 2713 151163

105 2730 145 2774 ‘')
163 2734 282 2765 Horat.
301 2733 414 2774 Carm.
433 2735 460 2773 1,
479 2735 534 2774 26,
561 2735 590 2766 1.
