1833 3237
276 269 504 323 „Epistolae
534 267 582 303 ad
612 264 838 313 Eulogium,
868 267 1060 302 statueret
1089 264 1262 301 Lexicon
1293 265 1392 311 quod
1425 274 1528 301 nunc
1557 264 1686 301 habe-

275 337 402 376 ‚,mus,
434 335 507 361 non
539 332 628 359 esse
659 321 815 358 maioris
841 322 972 368 operis
994 321 1212 368 Epitomen,
1243 321 1313 356 sed
1344 323 1404 358 sic
1433 322 1482 357 de
1511 321 1687 357 auctoris

276 383 362 432 „sui
393 391 507 416 manu
537 378 706 428 exiisse,
747 378 961 424 Epistolam
993 381 1122 412 autem
1160 377 1206 412 ad
1239 377 1447 424 Eulogium
1478 378 1526 412 ab
1556 377 1684 422 impo-

181 440 263 475 130
278 441 411 486 „store
442 434 646 478 Graeculo,
677 434 742 479 qui
773 434 884 469 dotes
914 434 1014 478 libri,
1044 433 1266 478 quisquiliis
1285 443 1308 466 a
1330 443 1374 467 se
1403 433 1523 479 aucti,
1552 432 1684 468 verbis

276 490 608 541 „exaggerandas
638 493 676 524 et
706 489 920 524 mendaciis
944 489 1269 524 commendandas
1305 491 1471 533 putaret,
1503 487 1686 523 illiberali

276 546 503 595 „mendacio
534 556 624 581 esse
654 546 875 582 confictam.
935 546 1080 581 Contra
1100 545 1306 580 Albertius
1337 543 1578 579 acutissimis
1608 543 1685 579 viri

273 601 535 651 „excellentis
566 601 757 646 amicique
787 600 1025 648 rationibus,
1066 600 1244 646 quamvis
1274 600 1389 635 etiam
1421 602 1539 644 atque
1569 599 1685 633 etiam

273 669 323 706 „a
354 668 397 692 se
428 657 645 705 perpensis,
678 667 751 691 non
783 658 1022 700 movebatur,
1063 656 1132 691 sed
1164 657 1274 700 plura
1303 658 1548 703 argumenta,
1585 664 1687 699 quae

273 717 500 764 „receptam
538 714 586 748 ab
627 712 804 747 omnibus
846 713 1078 747 sententiam
1119 714 1333 757 tuerentur,
1373 711 1412 746 in
1442 709 1687 756 praefatione

275 769 391 815 „huic
421 768 608 804 volumini
639 767 923 814 praemittenda
964 777 1189 812 expromere
1228 767 1268 801 in
1311 766 1438 801 animo
1480 763 1686 801 habebatss

275 825 358 860 Hoc
395 825 519 872 igitur
549 824 634 871 egit
674 823 950 870 Ruhnkenius,
996 823 1167 860 Albertii
1207 822 1441 857 sententiam
1482 821 1688 867 explicans

274 880 482 925 multisque
505 879 737 926 „rationibus
774 880 1019 916 confirmans.
1079 880 1175 914 Erat
1213 882 1343 913 autem
1374 878 1440 913 ille
1469 879 1531 912 m'r
1556 875 1687 922 fami-

271 937 367 971 liam
396 937 438 970 in
463 936 627 972 Graecis
646 935 796 971 Lueris
823 936 984 980 ducens,
1015 934 1318 981 Valckenarius,
1350 933 1414 979 qui
1443 933 1482 968 in
1506 931 1686 978 Epistola

273 991 320 1026 ad
351 991 411 1028 M.
434 992 646 1035 Rtwerum,
677 990 778 1026 hanc
807 1001 916 1026 suam
947 990 1210 1035 suspicionem
1229 989 1463 1034 prodiderat,
1491 988 1530 1023 iu
1561 997 1690 1033 eaque

272 1056 316 1081 se
347 1051 483 1091 postea
514 1046 738 1092 perstitisse
770 1050 935 1081 testatus
967 1051 1025 1081 est
1056 1045 1102 1079 ad
1131 1045 1381 1080 Theocritum
1404 1043 1581 1091 Digress.
1612 1044 1688 1079 IV.

271 1113 308 1148 p.
335 1101 428 1138 299.
478 1102 698 1151 Caeterum,
719 1102 979 1137 Ruhnkenius
1009 1101 1047 1136 in
1078 1100 1500 1137 Animadversionibus
1534 1103 1573 1134 ct
1593 1100 1686 1135 Au-

273 1157 395 1193 ctario
421 1168 507 1192 cum
538 1158 637 1193 alios
659 1157 849 1203 llesychii
881 1157 988 1193 locos
1019 1157 1232 1202 expedivit,
1264 1160 1343 1191 tum
1373 1156 1422 1191 de
1447 1153 1561 1199 fesle‘s
1582 1155 1685 1190 Dio-

272 1215 478 1262 nysiorum
507 1215 642 1249 diebus
672 1213 911 1259 praeclaram
943 1213 1047 1248 illam
1069 1212 1238 1258 prodidit
1261 1211 1578 1259 disputationem,
1609 1220 1688 1256 qua

274 1279 407 1304 eorum
438 1269 625 1305 rationem
657 1269 877 1315 impeditam
908 1272 1025 1304 antea
1062 1273 1100 1303 et
1131 1269 1348 1312 obscuram,
1393 1266 1580 1313 varioque
1610 1267 1684 1302 do-

272 1328 423 1360 ctorum
463 1325 658 1361 hominum
699 1325 881 1360 dissensu
920 1325 1112 1360 turbatam
1144 1323 1344 1369 expedivit
1383 1326 1422 1358 et
1457 1322 1684 1359 illustravit.

272 1382 405 1426 Atque
444 1385 607 1426 utraque
639 1381 905 1427 disputatione
946 1381 1101 1416 illustre
1131 1380 1309 1416 exhibuit
1339 1379 1536 1425 specimen
1569 1379 1686 1414 criti-

272 1446 342 1472 cae
375 1435 574 1473 facultatis
605 1437 725 1484 illius,
766 1447 864 1482 quae
904 1446 978 1472 non
1018 1437 1143 1472 solum
1180 1437 1219 1471 in
1250 1435 1503 1483 emendando,
1545 1435 1612 1470 sed
1646 1437 1687 1470 et

270 1492 564 1538 interpretando
595 1503 640 1529 ac
670 1493 898 1528 disserendo
930 1493 1118 1542 cernitur,
1161 1496 1199 1528 et
1242 1492 1477 1537 propositam
1507 1501 1686 1526 caussam

272 1558 321 1583 ex
352 1554 669 1596 argumentorum
695 1549 855 1584 latebris
886 1551 925 1584 et
955 1548 1171 1584 involucris
1203 1558 1272 1593 per
1302 1547 1495 1593 ancipites
1525 1557 1573 1583 ac
1602 1546 1687 1582 dir-

271 1603 465 1640 ficillimos
495 1605 778 1640 dubitationum
810 1606 1012 1640 anfractus
1052 1605 1098 1638 ad
1130 1604 1316 1648 liquidum
1349 1604 1580 1649 planumque
1610 1603 1686 1638 de-

175 1657 253 1693 131
277 1660 396 1696 ducit.
457 1661 668 1706 Utramque
706 1661 887 1707 probavit
926 1660 1223 1696 Hemsterhusio
1263 1670 1354 1695 suo:
1395 1670 1481 1695 nam
1521 1659 1557 1694 is
1596 1658 1688 1693 anni

273 1717 311 1752 h.
344 1727 373 1753 s,
407 1717 649 1763 sexagesimi
678 1721 716 1751 et
746 1717 869 1761 quinti
909 1726 1043 1751 mense
1076 1717 1276 1763 Augusto,
1321 1725 1396 1760 quo
1427 1715 1686 1752 Ruhnkenius

272 1772 514 1806 Praefationi
552 1776 589 1806 et
628 1781 769 1817 operae
812 1772 1086 1816 Hesycliianae
1123 1772 1237 1806 finem
1276 1771 1473 1816 imposuit,
1513 1774 1551 1806 et
1592 1780 1685 1805 cor-

273 1837 367 1873 pore
406 1827 504 1862 satis
535 1827 707 1875 valebat,
753 1829 795 1862 ut
836 1820 1125 1873 octogenarius,
1168 1830 1207 1862 et
1245 1825 1406 1873 ingenio
1445 1825 1606 1873 vigebat
1637 1825 1686 1860 ad

270 1883 535 1931 iudicandum,
567 1884 600 1919 si
620 1883 773 1928 quidem
809 1893 832 1917 a
863 1883 1050 1918 monitore
1083 1883 1343 1918 excitaretur:
1372 1882 1505 1927 itaque
1535 1882 1582 1917 ab
1616 1884 1691 1917 boc

273 1939 469 1975 excitatus
500 1939 641 1974 multas
672 1949 756 1975 cum
788 1949 847 1985 eo,
890 1942 927 1973 et
958 1939 1070 1983 alias,
1111 1942 1148 1973 et
1188 1938 1235 1973 ad
1267 1938 1508 1983 Hesychium
1539 1947 1684 1973 ornan-

273 1996 376 2037 dum,
407 1996 764 2032 animadversiones
806 1994 1118 2030 communicavit.
1175 1996 1373 2039 Sequente
1403 1993 1556 2030 demum
1586 2003 1690 2029 anno

274 2051 412 2095 1766„
445 2063 578 2088 mense
608 2052 751 2099 Aprili,
782 2052 884 2087 diem
915 2051 1008 2085 obiit
1037 2061 1272 2096 supremum.

385 2121 487 2157 Nam
518 2121 552 2155 is
584 2119 659 2155 fuit
690 2118 821 2154 exitus
851 2117 1159 2165 Hemsterbusio,
1191 2120 1232 2152 ut
1263 2117 1300 2152 ei
1329 2117 1456 2153 inscio
1486 2127 1559 2153 nec
1588 2127 1686 2153 sen-

273 2176 384 2212 tienti
415 2187 518 2212 mors
551 2176 773 2221 obreperet:
813 2175 888 2210 fuit
919 2173 1018 2209 enim
1051 2174 1147 2209 haec
1178 2173 1368 2208 eiusmodi
1399 2184 1511 2218 quam
1543 2173 1687 2209 Graeci

273 2233 451 2283 ἄβληχρον
490 2229 703 2278 &siz-(nost)
750 2233 914 2266 vocant:
965 2239 1039 2265 non
1087 2232 1220 2265 certus
1260 2229 1471 2274 apparebat
1511 2229 1683 2272 morbus,

275 2288 379 2323 vires
431 2289 570 2323 leniter
619 2287 844 2333 sensimque
890 2286 1145 2332 deficiebant,
1206 2284 1443 2320 succedente
1500 2284 1687 2329 paulatim

275 2347 446 2390 stupore.
505 2343 766 2380 Ruhnkenius
806 2353 894 2379 eum
935 2341 1107 2387 quotidie
1139 2339 1339 2387 visitabat,
1379 2342 1431 2385 et,
1472 2343 1516 2375 ut
1554 2342 1685 2386 antea,

275 2400 329 2435 ita
361 2403 468 2450 tunc,
511 2399 634 2445 quoad
668 2410 754 2435 cum
785 2409 831 2435 eo
862 2398 928 2446 agi
959 2401 1105 2445 posset,
1146 2397 1386 2445 hortabatur,
1425 2398 1468 2431 ut
1497 2396 1685 2444 egregias

274 2565 305 2602 ·)
335 2566 475 2595 Homer.
502 2565 562 2596 Od.
597 2565 627 2603 λ,
664 2565 738 2596 132.
766 2575 803 2604 ψ,
835 2566 913 2596 282.
963 2565 1141 2596 Plutarch.
1168 2564 1318 2601 Pericle,
1351 2573 1383 2603 p.
1418 2562 1494 2593 173.
1543 2562 1687 2592 Aelian.

321 2611 397 2641 Nat.
432 2612 580 2641 Animal.
627 2611 688 2649 tx,
728 2611 778 2641 ll.
812 2613 902 2651 apud
927 2611 1028 2650 *Suid.
1068 2618 1147 2641 voc.
1192 2606 1397 2650 ”Λβληχρος.
1453 2608 1689 2646 Hippocrates

324 2656 471 2686 formam
504 2655 647 2699 βληχρὰς
678 2657 858 2694 sequitur:
891 2656 960 2686 vid.
993 2656 1140 2686 Foesius
1166 2654 1299 2685 Oecon.
1337 2654 1485 2692 Hippoc.
1520 2653 1553 2682 in
1588 2659 1690 2682 voce.

323 2700 585 2731 Valckenarius
625 2701 667 2730 ad
702 2701 881 2732 Theocriti
926 2700 1096 2732 Adouiaz.
1138 2709 1170 2739 p.
1201 2698 1280 2730 213.
1352 2697 1452 2735 [vid.
1484 2697 1687 2728 Buttmann.

321 2745 485 2785 Lexilog.
512 2745 553 2776 Π.
581 2752 659 2785 pag.
685 2745 763 2778 262,
810 2745 901 2783 FR]
