1816 3233
841 202 1153 245 -180—

290 276 371 315 Pag.
380 275 429 306 ed.
438 276 537 313 princ.

291 320 446 353 64.vs.3.
468 326 582 360 porro
604 315 767 357 differre.
814 317 909 348 Malo
931 317 1037 349 ultra
1059 315 1222 358 differre.

296 381 333 390 ·-
353 382 388 389 —
408 364 462 397 11.
487 372 532 394 ae
559 363 591 393 si
621 364 693 393 tum
718 361 856 393 demum
888 366 1019 394 rectum
1045 366 1161 403 esset,
1193 363 1225 392 si
1247 369 1317 401 uon
1343 362 1419 404 ita,
1453 362 1514 394 sed
1538 361 1707 403 perinde,

428 408 620 448 similiter,
652 416 787 448 aeque,
820 415 891 438 non
915 416 1020 438 secus
1049 408 1107 438 vel
1140 407 1258 437 simile
1283 407 1406 438 vocab.
1431 409 1708 447 comparativum

429 452 670 484 antecederet.
719 451 840 491 ltaque
863 453 905 483 ut
927 453 958 482 si
981 452 1167 482 dicendum
1190 452 1267 482 fuit.

298 516 335 524 --·
356 515 392 522 —
412 497 466 529 14.
491 496 739 538 eoeeerpendis.
787 496 841 529 Cf.
864 496 909 526 ad
933 497 990 536 52,
1012 497 1069 528 23.

294 546 391 576 65.-
412 543 444 574 3.
476 542 602 581 sponte
632 543 668 572 et
694 542 817 582 gyratis
846 542 980 573 venire.
1035 542 1132 579 Quod
1163 542 1214 572 sic
1246 542 1388 581 scripsit
1419 542 1535 581 Wytc.
1568 542 1710 574 videtur

430 588 512 618 mihi
536 587 578 618 de
603 595 646 617 eo
671 590 861 625 cogitasse,
886 587 978 626 quod
997 587 1132 617 Latinis
1157 587 1286 617 dicitur
1311 587 1400 618 haec
1423 595 1483 617 res
1505 587 1591 617 mihi
1613 596 1709 626 yra-

428 634 476 664 τῖε
498 633 642 663 ουτω-ἰαί
673 633 728 662 vel
762 633 877 671 potius
901 632 978 663 stat
1007 632 1054 669 (id
1081 634 1174 662 enim
1201 639 1312 662 aurea
1335 634 1455 663 aetate
1488 633 1649 662 usitatius
1675 634 1709 663 in

430 678 496 708 hac
518 684 559 707 re
585 678 649 707 fuit
674 683 778 716 quam
801 676 967 713 υοηείαΐς
993 685 1102 715 quare
1127 685 1220 707 nunc
1245 676 1333 716 apud
1361 675 1435 707 Cic.
1460 677 1566 708 Verr.
1592 677 1650 707 lib.
1665 677 1709 708 V.

430 723 485 762 19,
509 721 563 753 43.
598 724 696 753 recte
731 721 863 752 editum
894 725 950 753 est
981 721 1044 752 tibi
1077 723 1178 752 stare
1208 723 1329 762 {fratis
1353 728 1482 753 navem
1512 730 1577 761 pro
1611 722 1710 761 vulg.

431 767 495 798 tibi
517 768 638 807 gyratis
661 768 831 798 constare
854 766 955 805 nav.)
981 774 1045 803 pro
1063 767 1189 807 sponte
1212 770 1341 804 autem,
1366 768 1399 797 iu
1417 774 1483 806 quo
1508 766 1711 806 usurpando

429 812 509 850 plus
532 812 645 842 semel
670 819 689 842 a
715 812 897 842 meliorum
922 812 1135 851 scriptorum
1159 811 1415 842 consuetudine
1432 812 1593 852 descivit,
1619 813 1709 842 scri·

431 858 518 887 bere
549 857 648 887 ultro
679 856 855 887 debuisse.
910 857 1007 887 Haec
1037 858 1066 886 si
1100 858 1176 896 quis
1218 859 1328 888 minus
1365 857 1518 895 probans
1550 856 1712 888 veniendi

430 902 540 933 verbo
565 902 814 938 adhaerescat,
848 902 879 932 is
905 909 967 941 per
993 911 1047 932 me
1079 902 1162 933 licet
1193 903 1284 932 hunc
1309 901 1422 932 locum
1454 903 1508 932 sic
1532 902 1713 941 interpre-

429 951 542 978 tetur:
573 946 690 977 z'ndem
714 955 756 977 er
779 956 829 977 zu
850 947 1006 986 ,cllauben
1037 947 1154 977 scln'en
1168 969 1180 988 ‚
1220 947 1307 978 (lass
1335 947 1430 978 diese
1455 946 1600 977 Bt'iclaeer
1630 953 1712 977 um-

427 993 529 1023 sense
557 992 594 1022 in
625 991 694 1022 «lus
716 990 819 1022 Hans
846 992 1021 1031 ‚clelnus'en
1050 991 1179 1022 kt'imen
1210 992 1285 1022 und
1317 992 1417 1022 nicht
1445 991 1615 1022 vielmehr
1644 991 1712 1032 fiir

428 1037 606 1067 schweres
633 1036 723 1067 Geld
747 1045 815 1067 (ms
838 1037 906 1066 den
931 1036 1265 1076 Bucleleancllunyen
1292 1034 1589 1076 herbeiyeschufft
1616 1036 1713 1074 (an-

427 1078 627 1121 yeschafft)
654 1081 799 1112 werden
822 1080 994 1111 mz'c'ssten.
1044 1082 1117 1111 Hoc
1141 1089 1228 1111 vero
1261 1081 1484 1111 manifestum
1512 1084 1594 1122 est,
1626 1081 1713 1111 Vir-

430 1127 506 1166 gilii
533 1133 658 1156 versus
681 1133 750 1156 non
775 1127 997 1164 spectavisse
1020 1125 1346 1164 u'yttenbachium.

298 1189 333 1194 —
356 1187 393 1196 —
410 1171 441 1203 4.
467 1171 576 1210 ,qravi
600 1179 684 1201 uere
708 1179 726 1201 e
749 1170 962 1210 bibliopolas
992 1171 1156 1201 emendos
1186 1179 1269 1201 esse.
1324 1170 1400 1211 Non
1434 1173 1517 1209 puto
1541 1170 1713 1209 wytten-

429 1216 590 1248 bachium
628 1215 671 1246 de
708 1223 793 1246 aere
826 1217 935 1256 yrrwi
973 1218 1196 1254 antiquorum
1237 1217 1476 1246 Romanorum
1517 1217 1713 1255 cogitasse,

429 1261 491 1293 sed
533 1261 648 1298 potius
687 1260 720 1290 id
763 1260 967 1300 significare
1007 1261 1188 1301 voluisse,
1229 1259 1318 1301 quod
1359 1268 1424 1291 nos
1462 1260 1608 1291 dicimus
1644 1259 1712 1300 fiir

429 1306 609 1337 schweres
635 1305 726 1336 Gelai
750 1305 911 1346 hausen,
947 1307 1036 1345 quod
1062 1309 1142 1337 erat
1164 1313 1300 1346 quJna
1324 1306 1475 1345 pecunia
1498 1305 1555 1336 vel
1576 1305 1714 1345 ,arandi

429 1354 580 1391 pecunia
603 1348 718 1391 (aere)
744 1358 875 1382 emere.
926 1351 1061 1382 Deinde
1093 1359 1156 1390 pro
1182 1351 1416 1392 bibliopoliis,
1448 1350 1538 1390 quod
1564 1358 1633 1381 non
1658 1352 1715 1381 est

428 1397 607 1435 usitatum,
631 1395 792 1427 tabernis
815 1395 978 1427 librariis
1001 1397 1059 1428 vel
1082 1397 1286 1437 simpliciter
1307 1396 1469 1427 tabernis
1488 1395 1714 1427 scribendum

430 1444 518 1473 erat.

300 1504 335 1511 —-
355 1504 391 1511 -
406 1487 440 1518 Θ.
463 1493 680 1527 operamque
704 1486 778 1526 ipse
799 1486 936 1536 sucere-
983 1486 1076 1517 Malo
1101 1493 1320 1527 operumque
1344 1485 1422 1527 ipse
1444 1487 1639 1526 suscipere.

294 1543 394 1575 66.-
412 1543 443 1574 1.
468 1541 615 1573 disertis
637 1541 775 1583 verbis,
802 1542 893 1582 quod
917 1550 1025 1581 saepe
1050 1546 1222 1581 usurpant
1245 1542 1359 1573 nostri
1385 1540 1594 1580 cicerones,
1619 1541 1716 1572 nulia

431 1589 641 1619 auctoritate
666 1588 799 1618 nititur.
847 1587 981 1618 Saltem
1013 1587 1194 1619 dicendum
1227 1592 1304 1619 erat
1334 1587 1493 1628 diserte,
1529 1587 1619 1626 quod
1651 1587 1716 1617 hac

434 1632 699 1672 significatione
725 1633 827 1664 habet
851 1633 988 1671 Livium,
1014 1633 1069 1663 vel
1094 1634 1239 1674 aperte,
1265 1641 1338 1663 non
1361 1631 1526 1673 obscure,
1551 1633 1714 1672 inyemoe.

430 1677 484 1708 Cf.
509 1678 639 1708 lii-ebs.
664 1678 783 1708 Antii).
809 1686 886 1718 pag.
908 1678 987 1709 297.
1017 1695 1053 1700 —
1083 1679 1140 1709 Vs.
1167 1687 1220 1718 sq.
1248 1687 1309 1718 pro
1332 1685 1449 1718 porro
1484 1677 1580 1709 malo
1611 1677 1715 1718 post-

431 1723 517 1763 hac,
541 1723 579 1752 in
601 1723 796 1762 posterum.

297 1783 335 1791 —-
357 1784 391 1790 —-
411 1769 444 1799 6.
469 1768 571 1798 libris
594 1768 819 1798 laeluaretur.
868 1767 939 1798 Cic.
971 1767 1012 1798 de
1037 1768 1114 1799 Fin.
1145 1767 1209 1808 ΙΙΙ,
1239 1767 1272 1806 2,
1297 1767 1328 1798 '7-
1355 1767 1461 1808 quasi
1492 1767 1636 1799 heluari
1666 1767 1715 1797 ιι·-

431 1812 528 1853 bris>
558 1812 588 1842 si
613 1812 676 1842 hoc
699 1812 807 1842 verbo
838 1813 875 1842 in.
901 1813 976 1843 tam
1000 1813 1106 1843 clara
1130 1821 1171 1842 re
1200 1813 1374 1843 utendum
1398 1813 1475 1854 est,
1513 1812 1714 1844 videbatur.

431 1858 488 1888 ubi
514 1857 557 1887 cf.
583 1857 734 1895 Madvig.
766 1872 798 1878 —
829 1858 890 1887 Vs.
915 1858 949 1887 8.
981 1857 1122 1888 maliem
1152 1865 1216 1894 pro
1247 1857 1468 1888 vehementia
1497 1858 1616 1897 potius
1643 1865 1713 1888 αν-

430 1902 555 1933 dorem
590 1902 738 1933 dixisset
770 1900 828 1941 (cs.
861 1901 992 1933 Krebs.
1025 1903 1046 1933 1.
1080 1902 1101 1932 Ι.
1132 1910 1209 1943 pag.
1241 1901 1334 1943 ⁹799.)
1367 1905 1403 1933 et
1438 1910 1491 1932 vs.
1518 1901 1572 1933 13.
1606 1903 1715 1933 etiam

429 1955 493 1985 pro
519 1946 621 1977 adeo,
1595 1972 1599 1973 ⁷

295 1992 394 2024 62—-
412 1991 466 2024 14.
494 1990 721 2031 C'utaloyum.
770 1991 879 2021 Immo
904 1991 1075 2032 indicem,
1106 1990 1149 2021 de
1175 1998 1242 2031 quo
1267 1999 1348 2022 voc.
1375 1990 1454 2032 iege
1487 1992 1593 2023 etiam
1625 1998 1717 2032 quae

432 2035 657 2076 Spaldingius
682 2037 826 2075 scripsit
851 2037 892 2066 ad
917 2037 1081 2074 Quinctil.
1105 2037 1152 2075 X,
1180 2037 1210 2075 1,
1235 2035 1292 2067 57.

296 2094 395 2125 68.--
413 2091 447 2125 4.
474 2092 619 2131 Ιοηῃιιηι
644 2092 701 2121 sit.
749 2091 845 2121 Haec
870 2100 925 2122 vv.
952 2091 1112 2131 legentes
1138 2092 1294 2131 plerique
1318 2100 1453 2130 omnes,
1478 2092 1617 2133 opinor,
1642 2091 1718 2122 cla-

431 2137 624 2169 mitabunt:
650 2135 706 2166 Ad
729 2143 854 2177 arma,
880 2137 994 2167 vices!
1018 2136 1073 2167 hic
1098 2138 1207 2167 hostis
1232 2137 1507 2177 propulsandus
1530 2138 1593 2168 est.
1642 2137 1716 2176 Ego

432 2190 523 2212 vero
549 2182 666 2212 fateor
690 2182 858 2220 ingenue,
889 2189 943 2212 me
967 2183 1002 2211 in
1021 2189 1063 2212 ea
1087 2183 1286 2213 etiamnunc
1311 2190 1545 2222 perseverare
1569 2184 1715 2212 senten-

434 2228 501 2265 tia,
533 2230 566 2257 ut
591 2233 678 2257 vera
701 2234 784 2257 esse
808 2228 1023 2263 existimem,
1056 2235 1144 2265 quae
1173 2228 1207 2257 in
1235 2227 1315 2257 adn.
1350 2227 1393 2258 ad
1420 2227 1645 2265 Quinctiiian.
1670 2225 1716 2266 X,

432 2272 468 2313 1,
496 2271 570 2303 118.
595 2271 636 2302 ad
664 2273 792 2302 Mutet.
819 2271 898 2301 Vol.
925 2271 950 2301 Ι.
977 2280 1055 2310 pag.
1072 2272 1149 2303 203.
1178 2276 1213 2303 et
1236 2271 1316 2302 403.
1341 2274 1522 2310 proposui.
1556 2270 1716 2301 Cf.iufra

433 2325 510 2357 pag.
535 2316 616 2354 233,
642 2315 673 2346 1.
701 2332 738 2337 -—
768 2317 867 2353 Quod
892 2319 1046 2356 sequitur
1069 2317 1243 2356 eoeeerpta
1266 2325 1329 2355 pro
1355 2317 1461 2347 nihilo
1487 2318 1551 2347 est.
1601 2316 1715 2346 scrib.

435 2362 549 2392 electa
573 2361 627 2391 vel
652 2362 798 2392 selecta.
848 2361 899 2392 De
923 2362 1147 2402 apoyraphis
1170 2362 1238 2391 vid.
1254 2361 1380 2392 Krebs.
1410 2362 1526 2392 Antib.
1543 2368 1620 2401 pag.
1640 2359 1716 2391 167.

304 2434 339 2440 —
362 2432 398 2440 —-
414 2415 469 2448 10.
496 2417 703 2448 exantlare.
751 2417 840 2447 Vide
865 2417 994 2448 Krebs.
1020 2417 1042 2447 Ι.
1067 2417 1090 2447 Ι.
1121 2425 1203 2458 pag.
1228 2416 1305 2447 334.
1337 2417 1491 2456 itemque
1517 2415 1560 2447 de
1585 2414 1716 2456 effica-

436 2463 494 2493 cia
522 2461 589 2501 (vs.
614 2460 685 2501 12.)
711 2462 811 2492 eund.
837 2470 916 2502 pag.
940 2461 1018 2492 314.

302 2533 340 2541 -—-
362 2518 472 2550 *12
497 2526 589 2558 quae
611 2518 841 2557 praesertim.
888 2519 1003 2549 satius
1031 2519 1106 2549 erat
1133 2519 1294 2549 omittere
1316 2517 1533 2557 praesertim
1563 2514 1623 2555 (de
1648 2523 1717 2556 quo

436 2562 507 2593 vid.
532 2563 574 2593 ad
599 2563 727 2593 Muret-
751 2561 834 2592 Vol.
860 2562 906 2593 ΙΙ.
937 2571 1018 2602 pag.
1043 2561 1137 2600 211.)
1168 2566 1230 2593 aut
1254 2563 1283 2592 si
1310 2561 1388 2601 quid
1413 2560 1493 2592 addi
1519 2561 1716 2600 oportebat,

436 2616 528 2649 quae
551 2607 695 2649 quidem
718 2608 891 2639 scribere.
937 2608 1025 2638 Nam
1058 2608 1138 2637 mihi
1169 2608 1308 2647 quidem
1333 2606 1520 2645 W'yttenb.
1551 2609 1610 2637 aut
1637 2606 1716 2638 for-

434 2653 526 2683 mula
554 2653 774 2691 praesertim
797 2653 852 2695 si,
890 2652 1079 2684 besonders
1110 2650 1372 2691 (vorziigslieh)
1404 2659 1508 2682 wenn
1539 2651 1596 2682 vel
1627 2659 1717 2682 vor-

434 2697 581 2736 zic'yliclt
611 2698 703 2729 αιιοΙι
735 2705 865 2739 wemz,
899 2698 1067 2737 deceptus
1097 2698 1150 2727 sic
1180 2697 1370 2736 scripsisse
1401 2699 1437 2727 et
1467 2697 1535 2728 hoc
1558 2696 1717 2728 voluisse

433 2743 592 2773 videtur:
625 2742 681 2773 dle
705 2741 898 2773 besonders
921 2743 1014 2774 auch
1039 2745 1105 2773 etc.
1140 2745 1202 2772 aut
1223 2742 1443 2781 praesertim
1474 2749 1538 2783 pro
1566 2742 1717 2784 praeci-

431 2795 500 2831 pue
525 2787 699 2828 posuisse.
748 2787 819 2819 Sed
844 2787 886 2820 de
910 2788 979 2820 hoc
1003 2787 1159 2820 viderint
1182 2786 1254 2819 alii.
