1833 3237
865 204 1062 245 -34
1152 204 1208 234 -·

321 321 585 358 destinaverat
614 317 803 366 lleringa.
838 319 913 371 Est
942 322 1070 356 autem
1101 317 1324 355 huiusmodi
1354 318 1568 370 negotium,
1598 321 1641 356 ut
1671 329 1739 366 per

322 378 408 414 eius
445 378 518 412 rite
561 374 754 411 tractandi
793 376 985 420 tamquam
1023 375 1171 423 gradus
1199 375 1451 425 adolescens,
1489 376 1740 422 cuisquidem

321 444 396 470 nec
426 431 627 479 ingenium
657 440 732 467 nec
761 430 932 466 studium
953 431 1067 477 desit,
1098 430 1146 466 ad
1165 431 1361 479 insignem
1380 431 1578 468 doctrinae
1605 431 1740 468 facul-

322 493 439 524 tatem
468 487 710 523 adscendere
736 487 876 533 possit.
904 488 1086 534 Primum,
1117 487 1275 524 libellus
1298 487 1473 523 edendus
1495 488 1609 524 debet
1639 498 1740 524 con-

323 543 420 580 serri
447 553 533 579 cum
563 543 653 580 aliis
679 543 856 580 omnibus
888 543 1180 591 Grammaticis,
1219 546 1261 579 ut
1289 545 1478 589 appareat
1507 543 1595 590 quis
1633 544 1739 579 alte-

322 610 406 636 rum
438 601 599 635 secutus
630 599 704 647 sit,
737 599 829 644 quid
859 600 905 635 ab
937 609 983 635 eo
1013 599 1155 634 habeat
1183 609 1230 635 ac
1259 599 1486 648 retinuerit,
1517 599 1604 635 sive
1635 600 1738 634 omi-

322 655 432 702 serit,
462 651 549 692 sive
577 653 785 701 addiderit,
817 655 1004 701 quomodo
1034 655 1133 690 alter
1162 665 1212 691 ex
1242 656 1365 691 altero
1386 654 1642 702 supplendus,
1673 654 1740 689 in-

321 711 610 758 terpretandus,
641 711 900 758 corrigendus
931 712 997 747 sit.
1058 711 1165 753 Quod
1188 714 1230 745 ut
1250 711 1501 746 utilissimam
1528 710 1645 746 habet
1673 709 1740 745 in-

323 767 435 815 genii
467 767 800 811 exercitationem,
830 766 883 800 ita
914 768 1032 801 tenue
1063 768 1103 800 et
1132 765 1235 801 exile
1265 769 1327 800 est
1357 776 1444 801 cum
1475 766 1524 801 ad
1555 765 1741 801 editionis

322 823 499 870 laudem,
539 825 619 858 tum
658 822 705 856 ad
745 821 908 857 editoris
945 822 985 856 in
1023 821 1198 856 doctrina
1236 830 1501 867 progressum.
1561 821 1743 857 Alterum

323 882 384 914 est
413 877 541 913 maius
572 877 720 924 negotii
751 876 870 912 huius
901 875 1090 924 officium,
1118 880 1300 911 accurata
1338 877 1578 921 Scriptorum
1609 875 1740 922 lectio,

323 934 437 969 cuius
469 935 507 968 et
538 933 813 968 necessitatem
841 932 1027 980 imponit,
1067 935 1105 967 ct
1135 932 1458 968 iucundissimum
1503 933 1744 967 invitamen-

259 988 419 1036 tutum,
449 990 489 1024 et
517 988 748 1024 acerrimum
777 988 1092 1036 incitamentum,
1124 988 1284 1023 adhibet
1313 989 1431 1033 probe
1462 988 1744 1023 administran-

324 1045 396 1080 dae
426 1043 610 1079 editionis
641 1054 791 1079 munus.
849 1045 949 1080 Nam
980 1044 1096 1078 lectio
1127 1044 1354 1089 optimorum
1386 1044 1625 1088 Scriptorum
1656 1051 1743 1078 cum

323 1110 394 1146 per
423 1109 467 1134 se
498 1099 550 1134 sit
580 1100 831 1144 suavissima,
862 1103 941 1134 tum
972 1099 1179 1134 suavitatis
1210 1098 1246 1133 ei
1278 1099 1390 1144 quasi
1411 1099 1607 1134 cumulum
1636 1099 1742 1133 adii-

323 1156 378 1192 cit
406 1154 583 1191 inventio
614 1165 800 1191 novarum
830 1164 978 1201 rerum,
1011 1154 1152 1200 quibus
1183 1155 1423 1200 propositum
1454 1165 1552 1200 opus
1583 1156 1743 1190 ornetur

324 1213 363 1247 et
392 1210 672 1256 locupletetur3
710 1221 826 1256 quum
864 1211 966 1246 inter
995 1210 1206 1257 legendum
1249 1211 1432 1246 continuo
1463 1210 1673 1246 incidimus
1702 1209 1742 1244 in

323 1276 456 1313 voces,
485 1266 688 1311 dictiones,
722 1266 921 1309 historias,
950 1267 989 1302 in
1020 1266 1117 1301 libro
1147 1276 1170 1300 a
1201 1266 1314 1301 nobis
1341 1266 1491 1302 edendo
1522 1267 1614 1301 item
1646 1275 1743 1311 pro-

323 1322 445 1359 ditas:
484 1332 601 1368 quum
639 1322 825 1358 similium
859 1322 1067 1358 multorum
1107 1322 1394 1367 comparatione
1429 1323 1623 1369 locorum,
1665 1322 1744 1356 vim

323 1388 516 1425 usumque
546 1378 752 1414 verborum
783 1377 1074 1423 dictionumque
1104 1378 1394 1426 constituimus,
1426 1381 1609 1423 corrupta
1628 1377 1743 1412 sani-

325 1435 396 1470 tati
427 1434 686 1481 restituimus,
717 1435 939 1482 ignotarum
970 1444 1155 1478 parumve
1185 1434 1434 1482 cognitarum
1466 1445 1516 1470 ex
1544 1434 1645 1470 omni
1668 1434 1744 1469 Hi-

324 1490 448 1530 storia
478 1494 517 1526 et
547 1490 795 1536 Antiquitate
824 1501 952 1527 rerum
984 1490 1310 1536 reliquiarumque
1341 1490 1515 1526 notitiam
1546 1490 1744 1536 patefaci-

324 1557 431 1583 mus:
470 1557 571 1593 quae
608 1547 736 1582 omnia
774 1556 844 1593 per
883 1550 1106 1583 accuratam
1143 1547 1347 1582 lectionem
1387 1550 1426 1582 et
1455 1545 1743 1581 annotationem

326 1605 463 1648 sponte
493 1612 539 1637 ac
568 1604 640 1637 sub
671 1613 787 1638 manu
817 1605 1045 1640 nascuntur.
1077 1602 1303 1638 Rulinkenii
1323 1602 1507 1639 Timaeus
1525 1611 1602 1637 non
1633 1601 1745 1637 modo

326 1657 554 1705 insignibus
585 1662 624 1694 et
647 1658 951 1693 absolutissimis
982 1659 1029 1693 ab
1058 1658 1163 1693 illius
1195 1658 1355 1705 ingenio
1386 1658 1640 1702 doctrinaque
1670 1656 1745 1691 ad-

327 1713 538 1750 fluentibus
579 1713 704 1758 copiis
745 1717 906 1749 ornatus
953 1713 1115 1759 prodiit:
1158 1714 1227 1749 sed
1266 1714 1501 1759 peculiarem
1543 1714 1660 1749 etiam
1701 1723 1747 1748 ac

326 1768 575 1815 praeeipuam
607 1767 741 1804 habuit
771 1770 1039 1804 accessionem
1068 1769 1288 1813 suavitatis,
1320 1780 1405 1804 cum
1428 1771 1476 1805 ab
1496 1770 1624 1814 ipsius
1656 1769 1746 1804 edi-

327 1824 425 1860 toris
455 1822 599 1872 indole,
624 1824 920 1872 consuetudine,
952 1828 990 1859 et
1009 1825 1209 1872 facultate,
1241 1827 1322 1859 tum
1344 1835 1366 1858 a
1389 1824 1479 1859 libri
1498 1827 1746 1872 argumento,

327 1881 545 1927 profectae.
606 1880 894 1927 Argumentum
924 1883 1103 1916 versatur
1133 1881 1171 1916 iu
1204 1880 1377 1916 Platonis
1409 1878 1603 1927 dictione,
1644 1890 1745 1926 quae

328 1935 375 1972 ab
417 1935 517 1971 omni
559 1944 658 1971 aevo
699 1938 739 1971 et
777 1937 973 1971 nominata.
1002 1939 1040 1971 et
1071 1935 1203 1971 habita
1233 1939 1293 1971 est
1323 1935 1476 1982 divina,
1516 1936 1660 1982 quippe
1690 1936 1745 1971 ita

328 1994 367 2027 et
397 1992 602 2027 verborum
633 1990 786 2026 delectu
818 1994 855 2026 et
886 1991 1178 2037 compositionis
1208 1992 1358 2027 ratione
1393 1993 1579 2037 formata,
1617 1991 1744 2026 omni-

325 2048 477 2092 busque
499 2047 743 2092 eloquentiae
771 2047 981 2083 luminibus
1003 2047 1209 2091 distincta3
1242 2050 1285 2083 ut
1308 2047 1501 2093 triplicem
1526 2048 1630 2083 illam
1651 2057 1744 2083 ora-

326 2102 445 2139 tionis
476 2103 617 2149 dotem,
648 2102 965 2147 perspicuitatem
995 2102 1035 2137 in
1059 2103 1248 2151 docendo,
1280 2106 1526 2139 venustatem
1553 2103 1590 2139 in
1631 2103 1743 2139 dele-

327 2158 482 2205 ctando,
502 2159 737 2205 gravitatem
759 2157 799 2192 in
826 2157 1118 2209 commovendo,
1148 2168 1249 2194 unus
1280 2159 1447 2195 omnium
1477 2160 1517 2195 in
1536 2162 1617 2195 tota
1635 2159 1743 2194 anti-

265 2214 482 2259 55quitate
511 2214 678 2250 maxime
706 2214 891 2257 tenuerit,
921 2217 960 2249 et
991 2224 1108 2249 unum
1139 2214 1241 2259 apud
1269 2217 1449 2259 posteros
1468 2215 1586 2250 huius
1613 2214 1744 2250 laudis

333 2269 484 2305 socium
513 2270 693 2306 habuerit
722 2269 963 2306 Ciceronem.
1019 2270 1071 2306 Et
1099 2270 1228 2315 prouti
1257 2269 1432 2316 Latinos,
1463 2269 1528 2316 qui
1555 2273 1643 2315 post
1673 2270 1744 2306 Ci-

330 2334 511 2365 ceronem
541 2326 717 2373 fuerunt,
751 2326 986 2372 Scriptores,
1016 2325 1093 2360 nisi
1121 2325 1222 2361 lecto
1253 2324 1457 2374 Cicerone,
1487 2329 1596 2362 recte
1623 2325 1744 2361 intel-

329 2380 455 2428 ligere
485 2390 595 2416 nemo
626 2384 772 2426 potest:
798 2384 876 2428 aut,
905 2385 949 2417 ut
968 2381 1145 2427 exemplo
1175 2380 1302 2429 magis
1334 2380 1384 2416 ad
1417 2382 1641 2428 popularem
1671 2392 1744 2417 ca-

330 2440 438 2482 ptum
468 2436 757 2472 accommodato
786 2440 896 2484 utar,
928 2437 1056 2483 prouti
1086 2439 1239 2473 Patrem
1277 2437 1604 2473 Ecclesiasticum
1632 2447 1744 2473 nemo

331 2491 541 2540 intelligit,
574 2491 651 2527 nisi
689 2492 754 2537 qui
794 2503 930 2528 sacros
969 2493 1089 2529 libros
1123 2493 1163 2528 in
1202 2495 1401 2528 numerato
1446 2493 1609 2539 habeat,
1650 2503 1743 2538 pro-

331 2550 467 2594 pterca
496 2547 598 2594 quod
628 2557 762 2584 eorum
790 2548 895 2583 dicta
935 2551 974 2584 et
1010 2549 1134 2585 verba
1161 2548 1201 2583 in
1233 2549 1414 2584 Patribus
1443 2552 1671 2596 utramque,
1702 2551 1745 2583 ut

331 2603 389 2639 ita
417 2603 570 2652 dicam,
612 2604 795 2653 paginam
831 2600 1054 2653 faciunt:*)
1091 2603 1144 2640 ita
1175 2604 1319 2641 Graeci
1357 2604 1517 2641 classici
1545 2604 1744 2640 Auctores

333 2731 364 2770 ’J
387 2733 476 2765 Plin.
497 2733 539 2764 N.
565 2735 606 2765 Η.
633 2734 676 2775 11,
700 2736 733 2775 ¹7,
757 2738 811 2767 23.
838 2736 933 2769 Huic
964 2737 1181 2776 (Fortunae)
1211 2737 1336 2769 omnia
1364 2734 1548 2777 seruntur
1572 2737 1742 2776 accepta,

378 2779 415 2809 ot
435 2779 473 2809 in
498 2779 578 2810 tota
604 2782 757 2812 ratione
777 2782 988 2816 mortalium
1011 2782 1092 2814 sola
1116 2782 1313 2822 utramque
1334 2783 1510 2823 puyinam
1530 2781 1633 2821 facit.
1670 2781 1744 2811 FR.
