1833 3237
96 285 180 327 Quo
210 293 324 330 quum
364 281 557 329 venisset,
602 294 683 319 noir
714 285 864 331 minus,
902 295 1012 329 quam
1053 288 1170 321 antea
1210 286 1372 335 absens,
1412 290 1504 324 tunc

94 350 282 386 praesens
312 339 532 375 benivolum
574 338 870 385 officiosumque
908 344 1091 385 expertus
1132 345 1191 377 est
1226 344 1506 389 Capperonne-

94 396 218 440 rium3
259 395 404 440 quippe
434 395 498 440 qui
529 395 654 441 ipsum
686 405 762 430 non
794 395 906 430 modo
938 397 975 430 in
1011 397 1314 434 familiaritatem
1346 400 1504 444 recipe-

93 454 167 498 ret,
198 451 487 496 exemplaribus
508 452 646 495 regiae
675 451 938 486 bibliothecae
971 452 1089 487 libere
1122 455 1191 502 uti,
1224 459 1275 502 et,
1307 465 1380 499 quo
1400 456 1502 490 libe-

93 507 177 542 rius
208 507 522 551 commodiusque
551 509 747 552 uteretur,
779 508 935 545 auferre
966 507 1116 542 domum
1151 520 1195 542 ea
1226 521 1355 545 secum
1389 515 1504 556 pate-

93 566 220 598 retur:
266 563 334 598 sed
374 563 608 606 reliquarum
647 563 761 597 etiam
804 573 889 597 eum
929 564 1142 608 praefectis
1182 566 1504 601 bibliothecarum

95 618 390 653 commendaret.
449 617 557 660 Quod
588 617 626 652 in
658 617 794 662 primis
824 618 920 653 utile
941 619 1176 654 Ruhnkcnio
1209 622 1281 655 t'uit
1312 622 1349 656 in
1374 623 1503 657 Bene-

93 673 325 709 dictinorum
357 672 606 718 bibliotheca,
637 674 749 708 cuius
781 676 1004 718 praefectus
1037 676 1162 709 minus
1193 676 1238 710 ad
1271 679 1503 723 gratifican-

93 729 181 763 dum
228 728 360 763 facilis
405 729 626 765 videbatur.
705 730 803 764 Nam
844 731 1180 775 Capperonnerius
1222 733 1503 783 Benedictinis,

92 784 158 829 qui
191 784 325 831 regiae
355 784 616 819 bibliothecae
652 784 763 819 libris
796 786 1019 830 frequenter
1057 790 1092 820 et
1124 797 1221 832 opus
1254 788 1433 823 haberent
1466 793 1501 823 et
1517 789 1569 824 66

90 843 308 885 uterentur,
339 839 496 874 disertis
513 840 644 874 verbis
670 840 924 886 significavit,
948 852 991 876 se
1017 841 1054 876 in
1073 842 1157 876 eius
1174 853 1245 877 usu
1269 844 1365 887 ipsis
1392 836 1513 880 com-⁸

90 895 280 930 modando
309 894 364 929 ita
394 904 507 940 porro
539 898 713 939 paratum
746 897 850 940 tore,
882 900 924 930 ut
968 897 1075 941 ipsos
1106 907 1200 943 erga
1229 899 1501 935 Ruhnkenium

87 954 243 996 paratos
273 950 399 985 fuisse
430 951 696 997 cognovisset.
753 952 833 986 Iam
866 952 918 987 nil
949 953 1089 987 attinet
1121 963 1289 997 narrare,
1322 965 1395 1002 quo
1423 956 1502 989 im·-

91 1010 178 1051 petu
210 1006 249 1041 in
287 1005 357 1040 has
386 1006 644 1042 bibliothecas
676 1007 932 1053 involaverit‚
977 1012 1018 1042 ut
1058 1008 1212 1055 longam
1254 1010 1364 1054 quasi
1396 1011 1500 1045 sitim

88 1063 358 1109 restingueret
398 1065 437 1097 et
476 1062 540 1097 diu
582 1063 814 1098 desideratis
851 1063 962 1100 libris
1006 1064 1243 1102 heluaretur.
1313 1064 1387 1105 Qui
1427 1066 1504 1110 ipsi

90 1117 297 1163 aliquando
327 1117 367 1152 in
399 1118 519 1152 simili
550 1128 692 1154 caussa
723 1120 895 1165 fuerunt,
927 1123 964 1154 et
996 1120 1221 1155 Ruhnkenii
1252 1131 1350 1165 quae
1383 1122 1504 1156 suerit

88 1172 128 1208 in
160 1174 377 1218 appetendo
407 1175 654 1209 vehementia
695 1179 857 1223 norunt,
900 1176 996 1210 haec
1036 1176 1098 1210 vel
1139 1177 1360 1212 tacentibus
1391 1178 1502 1212 nobis

89 1228 334 1276 intelligent:
376 1229 553 1264 neutrius
583 1230 738 1277 gnariS‚
766 1232 943 1275 quamvis
975 1231 1093 1266 multa
1122 1237 1341 1280 narrantes,
1373 1233 1503 1267 surdis

89 1284 263 1320 fabulam
304 1282 565 1333 narremuS.*)
638 1286 755 1322 Alios
795 1290 919 1331 totos,
962 1287 1060 1321 alios
1099 1288 1238 1331 partim
1281 1287 1502 1333 descripsit,

89 1340 190 1376 alios
218 1341 430 1388 excerpsit,
461 1341 559 1376 alios
583 1351 668 1376 cum
702 1342 817 1377 editis
845 1342 1097 1388 comparavit,
1130 1344 1337 1389 variasque
1358 1345 1502 1380 lectio-

89 1407 160 1432 nes
201 1397 399 1442 enotavit3
439 1407 513 1432 nec
551 1398 660 1434 modo
701 1408 788 1445 eos,
827 1408 925 1444 quos
957 1402 1072 1434 antea
1103 1399 1392 1446 destinaverat,
1432 1401 1501 1436 sed

91 1453 310 1498 complures
340 1453 437 1488 adeo
468 1454 516 1488 de
547 1455 688 1499 quibus
719 1465 792 1490 non
825 1455 1080 1502 cogitaverat.
1138 1457 1237 1492 Nam
1271 1467 1357 1491 cum
1389 1456 1501 1492 codi-

90 1518 173 1543 cem
204 1518 395 1554 quemque
418 1510 501 1544 suis
527 1510 612 1555 ipse
634 1511 813 1546 manibus
839 1511 1037 1546 evolveret
1061 1515 1351 1557 excuteretque‚
1383 1522 1502 1557 saepe

88 1564 208 1611 longe
237 1564 344 1600 aliud
374 1565 414 1600 in
444 1576 489 1601 eo
520 1567 756 1616 reperiebat,
788 1578 901 1612 quam
932 1567 969 1602 id
1002 1568 1102 1612 quod
1135 1568 1270 1603 titulus
1293 1569 1501 1613 profitere-

88 1622 173 1664 tur3
218 1630 337 1665 saepe
376 1620 451 1656 hoc
487 1622 634 1667 ipsum,
675 1623 741 1657 sed
783 1623 862 1657 alia
902 1627 1106 1668 praeterea
1142 1634 1214 1658 nec
1257 1627 1500 1668 exspectata.

86 1677 197 1712 Haec
226 1677 325 1712 enim
358 1677 442 1711 fere
473 1680 533 1712 est
563 1677 839 1724 catalogorum
872 1679 1066 1727 conditio,
1098 1681 1140 1714 ut
1171 1679 1233 1714 vel
1265 1680 1398 1724 optimi
1428 1689 1501 1715 eo-

85 1733 382 1776 rumAconfecti
420 1733 497 1767 sint
535 1734 583 1767 ab
624 1734 844 1769 hominibus
885 1744 960 1769 non
998 1735 1166 1769 indoctis
1205 1734 1379 1778 quidem,
1428 1745 1501 1769 nec

86 1789 216 1822 tamen
254 1787 352 1822 satis
391 1787 516 1826 doctis
557 1790 595 1823 et
635 1789 949 1835 intelligentibus
989 1799 1076 1824 eum
1116 1790 1154 1824 in
1192 1791 1328 1835 finem,
1378 1794 1420 1825 ut
1460 1790 1499 1824 in

75 1843 223 1882 ,codice
271 1853 423 1888 quoque
471 1844 755 1889 pervolutando
805 1844 1160 1880 animadverterent
1209 1849 1338 1881 utrum
1383 1847 1499 1881 unius

87 1899 215 1934 omnia
244 1899 284 1934 in
316 1909 363 1934 eo
393 1902 527 1934 essent
557 1900 783 1944 scriptoris,
815 1911 863 1935 an
895 1901 1157 1936 diversorum:
1189 1901 1222 1936 si
1247 1902 1376 1943 unius,
1408 1905 1500 1947 quot

86 1954 172 1990 eius
201 1957 356 2001 partes,
386 1955 421 1990 si
453 1955 719 2000 diversorum,
751 1956 815 2000 qui
846 1956 903 1990 illi
934 1960 972 1991 et
1003 1967 1102 2001 quae
1133 1957 1322 2001 cuiusque
1352 1959 1499 2003 scripta

85 2011 389 2046 continerentur.
446 2010 604 2055 Veluti,
635 2013 678 2045 ut
708 2010 782 2046 hoc
812 2015 911 2053 utar,
943 2012 1079 2046 titulus
1110 2013 1312 2057 profitetur
1343 2016 1494 2049 Patrem
1508 2011 1561 2045 67

84 2065 254 2111 aliquem
277 2065 624 2101 Ecclesiasticum:
655 2066 724 2100 sed
755 2067 889 2101 insunt
912 2071 1111 2111 praeterea
1138 2068 1301 2104 aliorum
1326 2070 1496 2114 optimo-

84 2130 247 2166 rumque
277 2122 493 2156 Auctorum
525 2121 635 2166 libri,
667 2122 862 2167 Platonis,
893 2123 1180 2172 Xenophontis,
1214 2124 1410 2170 similium,
1442 2126 1497 2159 ita

85 2175 220 2212 eadem
251 2187 366 2211 mauu
397 2177 652 2213 describendo
683 2178 922 2224 continuati,
969 2182 1011 2214 ut
1041 2180 1145 2213 nullo
1179 2180 1338 2214 notabili
1368 2181 1523 2215 inter-.

84 2231 188 2267 vallo
217 2232 522 2280 distinguantur.
583 2235 703 2280 Ergo,
736 2233 847 2267 titulo
879 2244 952 2268 non
985 2234 1157 2279 credere,
1188 2234 1257 2269 sed
1281 2235 1359 2270 alia
1381 2236 1496 2270 etiam

54 2292 63 2301 ²
85 2297 287 2334 quaerere,
317 2292 378 2323 est
410 2288 575 2323 hominis
605 2289 644 2323 in
667 2288 868 2323 codicibus
899 2289 1057 2334 scriptis
1082 2289 1297 2324 tractandis
1329 2293 1497 2326 versati:

83 2343 264 2393 invenire
293 2346 421 2379 autem
453 2355 512 2390 ea,
545 2346 604 2379 est
634 2344 791 2378 maioris
822 2344 984 2390 ingenii,
1021 2348 1059 2380 et
1089 2345 1249 2380 assidua
1280 2347 1496 2382 Auctorum

83 2398 253 2434 lectione
282 2399 328 2434 ad
362 2410 493 2435 eorum
523 2399 749 2434 varietatem
783 2401 1073 2445 orationemque
1104 2401 1286 2436 continuo
1318 2404 1497 2443 sentien-

86 2454 172 2489 dam
203 2455 488 2500 notandamque
528 2455 594 2490 diu
625 2455 862 2500 multumque
903 2457 1122 2491 exercitati.
1180 2458 1291 2492 Hanc
1323 2459 1495 2493 faculta—

86 2511 162 2545 tem
191 2511 349 2546 tenebat
380 2511 651 2546 RuhnkeniuS.
710 2511 788 2547 Sed
828 2511 892 2557 qui
930 2522 1014 2547 eam
1054 2515 1206 2547 teneret
1235 2512 1496 2549 bibliothecae

90 2636 118 2680 ⁶)
133 2641 540 2719 ,lgmuffgpmverbium’
573 2644 616 2676 de
641 2652 708 2686 quo
735 2645 778 2676 cf.
811 2645 963 2685 interpp.
997 2644 1040 2676 ad
1066 2645 1209 2677 Terent.
1242 2646 1366 2677 Heaut.
1397 2645 1437 2686 11,
1465 2645 1495 2684 1,
