1816 3233
653 180 962 223 ——165—

94 297 249 346 gotium
296 295 513 334 vocationis
564 296 828 332 intermissum
877 306 967 333 mox
1015 295 1205 333 abdicatis
1247 295 1517 345 Curatoribus,

95 355 354 391 instauratum
405 356 465 389 est
514 356 602 399 post
641 352 868 390 Ruhnkenii
915 352 1087 400 obitum,
1136 353 1275 389 iisdem
1322 354 1517 390 restitutis

95 420 230 447 mense
267 410 511 447 Novembre:
551 420 667 456 quum
706 409 947 456 reciperent,
994 409 1183 455 siquidem
1234 410 1400 446 oblatam
1442 421 1516 446 ca-

95 466 273 503 thedram
303 465 537 514 acciperem,
568 476 613 501 se
643 466 746 502 omni
776 465 904 501 studio
933 465 1035 511 apud
1075 468 1263 502 Senatum
1302 466 1514 511 Reipubli-

93 532 165 559 cae
195 524 370 559 Batavae
401 525 608 558 conaturos
639 523 824 572 efficere,
866 524 909 556 ut
946 531 1124 558 caussam
1165 521 1338 558 familiae
1367 523 1514 559 Ruhn-

93 578 312 627 kenianae,
352 579 401 615 de
441 588 518 623 qua
556 577 809 613 vehementer
838 577 1085 628 laborabam,
1126 578 1402 614 obtineremus.
1460 581 1513 616 Et

92 636 242 681 fateor,
275 635 373 670 haec
416 634 532 670 unica
570 633 646 669 suit
682 633 876 680 conditio,
916 644 992 679 qua
1038 634 1331 670 Amstelodamo
1369 635 1511 672 abduci

92 701 269 736 possem:
308 700 402 737 nec,
430 689 507 726 nisi
538 700 583 725 ea
615 691 815 737 confecta,
858 690 1049 725 abductus
1081 700 1179 726 sum.
1200 686 1242 738 *J
1301 691 1379 726 Sed
1413 691 1513 728 haec

92 749 230 793 postea
259 746 498 783 acciderunt.
557 746 630 782 Illo
671 749 866 790 tempore,
905 749 948 781 ut
978 747 1169 793 collegam
1211 756 1271 782 me
1309 746 1386 782 sibi
1425 747 1510 783 dari

91 803 211 839 vellet
250 802 538 850 Ruhnkenius,
589 812 690 838 nova
729 803 777 837 ad
817 804 972 838 veteres
1009 802 1221 838 accedebat
1268 813 1411 839 caussa
1449 814 1510 851 ea,

90 859 191 904 quod
221 858 277 894 ita
309 868 498 904 praesens
529 858 725 903 praesenti
762 858 987 894 celeriorem
1027 859 1310 904 certioremque
1352 869 1508 905 operam

89 915 130 951 in
161 915 309 951 edendo
340 914 562 951 Scholiasta
602 924 746 949 navare
777 924 944 960 possem.
1017 915 1190 960 Cumque
1230 915 1369 959 sciret,
1409 916 1508 951 duos

89 971 304 1007 novissimo
335 970 409 1007 hoc
441 973 614 1015 tempore
645 981 751 1005 meos
782 971 876 1005 ferri
908 969 1128 1016 discipulos
1158 971 1197 1006 in
1218 971 1364 1006 Literis
1384 980 1507 1019 egre-

87 1028 156 1075 gie
186 1030 380 1073 versatos,
410 1029 450 1063 et
478 1026 663 1062 ornandis
681 1026 934 1062 Academicis
964 1026 1161 1062 cathedris
1190 1027 1372 1073 idoneos3
1403 1028 1509 1063 alte-

86 1094 172 1119 rum
203 1083 453 1120 Guilielmum
485 1083 729 1119 Leonarduin
748 1082 911 1127 Mahne,
942 1084 1150 1120 Rectorem
1177 1083 1347 1119 Scholae
1366 1083 1511 1119 Amis-

88 1137 291 1185 furtanae,
330 1139 477 1175 clarum
515 1138 621 1174 edita
661 1139 833 1174 Diatribe
872 1139 920 1174 de
959 1137 1303 1185 Aristoxenoz**)
1343 1139 1507 1175 alterum

85 1196 298 1232 Iohannem
330 1195 400 1230 der
429 1194 654 1240 Kinderen,
696 1195 862 1230 nondum
903 1195 1056 1240 quidem
1098 1196 1209 1231 illum
1247 1195 1378 1240 aliquo
1418 1206 1509 1232 mu-

86 1262 180 1288 nere
210 1254 278 1288 aut
308 1251 412 1287 edito
441 1251 541 1287 libro
571 1251 838 1295 conspicuum,
870 1251 940 1285 sed
973 1252 1176 1296 praeclara
1222 1251 1440 1287 studiorum
1471 1255 1510 1287 et

88 1307 222 1344 variae
251 1308 366 1344 simul
403 1310 691 1352 accurataeque
731 1307 931 1343 doctrinae
961 1308 1076 1343 laude
1107 1309 1331 1343 florentem:
1373 1308 1507 1344 horum

86 1365 315 1401 alterutrum
354 1364 393 1400 in
424 1365 577 1400 Graeca
615 1362 732 1399 huius
763 1362 1003 1400 Academiae
1043 1364 1229 1400 cathedra
1271 1363 1361 1411 poni
1391 1367 1504 1410 opta-

85 1421 164 1467 bat,
195 1423 239 1457 ut
267 1421 430 1457 haberet
460 1420 668 1470 collegam,
699 1419 812 1456 cuius
852 1430 970 1466 opera
1009 1431 1202 1466 manuque
1242 1420 1281 1456 in
1323 1421 1506 1457 conscri-

84 1477 224 1514 bendis
262 1476 686 1513 Animadversionibus
724 1477 772 1511 ad
804 1476 1066 1512 Scholiastam
1105 1480 1295 1515 uteretur.
1355 1478 1504 1522 Quam·
1521 1476 1602 1513 278

86 1544 201 1580 quam
239 1533 278 1569 in
319 1536 483 1579 utroque
522 1534 669 1568 frustra
707 1532 878 1579 optavit:
908 1533 975 1569 illo
1017 1544 1128 1569 suam
1167 1533 1374 1570 stationem
1414 1534 1507 1570 huic

85 1592 368 1636 anteponente:
416 1590 490 1625 hoc
537 1589 692 1624 discere
743 1589 893 1634 adhuc,
940 1599 1054 1634 quam
1100 1590 1262 1636 docere,
1314 1590 1504 1627 malente:

86 1649 281 1682 caeterum
312 1645 362 1681 iis
392 1656 481 1681 mox
511 1645 667 1691 publice
698 1644 1062 1681 commutationibus
1092 1647 1263 1690 secutis,
1297 1649 1338 1682 ut
1368 1650 1506 1683 neuter

84 1712 217 1738 eorum
249 1706 469 1739 vocaretur.
532 1702 672 1746 Neque
701 1704 828 1738 tamen
868 1702 915 1737 de
947 1702 1170 1738 Scholiasta
1208 1703 1359 1738 edendo
1397 1713 1505 1748 spem

84 1759 318 1805 abiiciebat,
359 1762 465 1794 certe
505 1757 552 1793 de
593 1767 638 1793 eo
679 1759 856 1806 cogitare
898 1768 972 1794 non
1012 1758 1239 1805 desinebat,
1281 1759 1507 1805 frequenter

83 1814 179 1852 illud
209 1825 417 1860 usurpans,
766 1852 771 1856 .

176 1884 401 1919 Extremum
436 1881 540 1917 hunc
570 1881 773 1917 Arethusa
804 1881 893 1916 mihi
925 1881 1097 1916 concede
1127 1881 1310 1918 laborem.
1328 1876 1410 1928 ***)

197 1949 353 1984 Interea
389 1948 591 1983 levabatur
629 1951 785 1995 pectus,
830 1947 1007 1992 hydrope
1046 1948 1093 1982 ad
1132 1948 1342 1983 inferiores
1372 1951 1505 1994 partes

85 2003 367 2050 descendente,
419 2007 582 2050 ortoque
623 2003 711 2038 inde
759 2004 898 2048 pedum
940 2013 1173 2049 crurumque
1218 2007 1391 2051 tumore3
1439 2005 1505 2050 qui

84 2061 119 2096 si
149 2061 382 2111 resedisset,
410 2064 453 2096 ut
483 2061 604 2106 pedes
636 2060 804 2096 calceari
836 2063 1008 2105 possent,
1041 2061 1146 2096 foras
1176 2061 1373 2096 ambulare
1402 2071 1505 2097 con-

86 2117 299 2164 stituebat,
339 2117 414 2152 hoc
451 2127 571 2152 unum
612 2116 660 2151 ad
696 2116 901 2151 sanitatem
933 2116 1072 2151 deesse
1103 2116 1179 2152 sibi
1209 2120 1364 2162 putans.
1421 2118 1503 2152 Iam

83 2173 264 2219 scholas,
305 2182 374 2218 per
406 2173 568 2208 hiemem
601 2172 810 2218 aliquoties
841 2172 1106 2214 intermissas,
1147 2173 1368 2217 repetebat:
1409 2183 1523 2208 eas--

85 2239 159 2274 que
189 2230 249 2266 bis
281 2231 392 2265 terve
423 2229 550 2265 denuo
582 2229 785 2273 habuerat,
817 2239 930 2273 quum
962 2229 1101 2276 pedes,
1115 2231 1153 2263 et
1183 2239 1316 2275 crura,
1349 2229 1503 2265 abeun-

84 2288 124 2320 te
154 2288 316 2331 tumore,
349 2285 395 2319 ad
426 2285 632 2331 pristinum
665 2286 815 2320 modum
848 2284 975 2320 redire
1007 2285 1243 2320 viderentur.
1302 2286 1386 2321 Hoc
1416 2286 1503 2331 ipse

84 2340 242 2388 signum
281 2342 436 2386 depulsi
475 2342 599 2377 morbi
640 2352 730 2377 csse
760 2341 935 2386 putabat:
974 2351 1017 2376 re
1057 2351 1150 2376 vera
1190 2343 1274 2376 erat
1315 2341 1501 2377 indicium

82 2396 267 2433 instantis
307 2407 424 2433 casus
465 2398 682 2444 gravioris,
723 2398 897 2443 hydrope
936 2397 985 2431 ad
1025 2400 1162 2442 pectus
1201 2400 1240 2432 et
1279 2398 1502 2443 superiores

84 2457 217 2500 partes
248 2453 525 2489 adscendente.
583 2454 680 2490 Nam
713 2454 776 2488 die
806 2453 1009 2489 undecimo
1039 2453 1159 2499 Maii,
1191 2464 1305 2498 quum
1336 2464 1406 2499 per
1435 2456 1501 2490 to-

85 2512 164 2546 tum
205 2510 307 2546 diem
347 2514 537 2546 consueto
589 2520 694 2546 more
737 2509 935 2558 degisset,
976 2510 1078 2545 domi
1115 2510 1372 2558 ambulasset,
1413 2521 1500 2547 cum

86 2618 116 2656 ²]
149 2620 246 2650 naec
269 2628 371 2659 quam
396 2628 486 2652 vere
508 2621 625 2652 fassus
649 2622 694 2651 sit
720 2621 870 2659 optimus
894 2620 1214 2658 XVyttenbachiuQ
1251 2620 1285 2650 in
1318 2621 1393 2651 eins
1419 2621 1500 2652 vita

153 2665 305 2695 ostendit
329 2664 381 2697 Cl.
408 2667 566 2697 Mahnius
591 2676 623 2706 p.
652 2664 728 2697 161.
753 2676 804 2705 sq.
833 2667 1018 2695 neamus.

82 2718 125 2758 ’Ἴ
149 2720 418 2760 Amstelodami,
443 2721 558 2753 forma
581 2725 720 2762 octava,
746 2722 840 2761 typis
864 2721 959 2751 Petri
985 2719 1052 2750 den
1078 2720 1225 2761 Hengst‚
1247 2721 1292 2751 A.
1317 2719 1417 2752 1793.

78 2773 142 2814 Ψ)
166 2777 270 2815 Virg.
287 2776 410 2817 Eclog.
435 2776 482 2817 X,
504 2775 535 2808 1.
