1816 3233
854 227 1165 272 ..223-

298 342 496 383 Corruptor
518 340 596 373 175.

297 389 440 422 Creatio
465 388 581 418 mundi
605 384 685 418 187.

299 434 433 465 Critica
457 439 560 462 sacra
585 432 663 462 193.

298 476 521 510 Cuicuimodi
545 475 623 508 170.

300 522 406 555 Cum:
445 520 519 552 vid.
555 520 780 553 Pulvisculus
816 527 863 551 ac
898 522 974 552 Ra-

342 569 518 599 mentum:
542 573 621 598 cum
642 567 758 606 aliquo
783 567 879 605 loqui
896 566 974 597 170.

343 619 423 643 cum
448 611 601 643 Euandri
625 615 740 643 matre
771 611 863 652 loqui
885 610 974 642 ibid.

300 656 386 689 Cum
410 671 456 681 -—-
480 659 552 688 tum
577 658 793 697 praesertim
818 656 896 688 169.

299 702 482 734 Curtius
509 702 589 734 175.

296 747 416 787 Dapes
453 754 526 787 pro
561 748 655 779 escis
694 746 856 787 epulisve
896 746 974 777 182.

341 792 418 832 dap.
452 793 614 824 inficetae
646 792 841 833 (insulsae,
876 792 974 824 inco·

341 837 434 876 ctae)
458 837 537 868 203.

297 883 413 915 Dare:
437 882 764 914 vid-Pulvisculus:
789 880 864 913 dari
886 881 975 913 obli-

341 929 443 959 vioni
468 926 545 959 181.

296 972 352 1004 De
375 973 415 1002 in
438 972 647 1012 compositis
672 971 751 1005 192.
787 972 829 1003 de
855 971 913 1003 die
937 973 974 1003 in

342 1018 434 1048 diem
462 1019 537 1049 171.

295 1062 480 1093 Debebant
498 1070 570 1102 pro
584 1061 714 1094 Praes.
740 1060 867 1093 debent
892 1060 970 1092 191.

295 1107 422 1139 Debite
446 1106 538 1139 Adv.
565 1107 640 1140 170.

294 1153 474 1184 Decessor
500 1154 578 1184 193.

294 1197 460 1229 Decimus
507 1200 673 1238 quintus,

341 1245 487 1283 quintus
511 1244 589 1275 185.

297 1287 521 1320 Decrescere
576 1289 651 1320 186.

340 1334 487 1366 scholae
510 1332 597 1364 ibid.

294 1378 468 1410 Dedicare
498 1379 604 1410 alicui
634 1379 760 1410 librum
791 1377 869 1409 201.
909 1377 973 1410 de-

341 1424 464 1455 dicans
487 1424 532 1455 de
545 1432 586 1455 eo
609 1426 670 1464 qui
692 1424 869 1456 dedicavit
885 1423 972 1456 ibid.

295 1469 476 1501 Defensor
501 1470 577 1501 173.

295 1513 501 1547 Defensa-ix
524 1514 603 1546 205.

294 1560 450 1599 Defungi
496 1560 837 1592 commemoratione
891 1558 971 1591 200.

340 1604 539 1644 defunctus,
564 1608 636 1636 vita
649 1605 732 1645 defi,
758 1608 873 1637 morte
887 1606 971 1647 def„

342 1658 406 1682 sua
430 1653 546 1682 morte
570 1651 641 1682 des.
666 1651 745 1682 188.

292 1695 472 1736 Deinceps
507 1695 585 1726 190.

341 1741 468 1772 ordine
491 1739 579 1771 ibid.

294 1786 455 1817 Delinire
478 1793 527 1816 αη
553 1786 714 1818 delenire
738 1786 816 1818 151.

295 1831 445 1863 Demum
475 1831 594 1862 alieno
632 1831 712 1862 loco
752 1831 971 1863 collocatum

293 1920 457 1960 Denique
480 1921 515 1952 et
540 1921 679 1953 tandem
708 1920 780 1952 197.

292 1965 419 1997 Denuo
444 1965 479 1996 et
502 1974 629 1997 rursus
653 1965 730 1996 183.

292 2010 506 2050 Deperditus
531 2011 565 2042 et
590 2012 746 2051 perditus
777 2009 856 2042 176.
890 2011 967 2043 191.

341 2056 418 2087 192.
447 2056 524 2087 194.

290 2100 497 2141 Depingere
522 2102 738 2142 cogitatione
763 2100 840 2132 172.

294 2144 487 2186 Deponere
512 2146 760 2178 Professorem
784 2147 809 2177 i.
833 2155 862 2178 e.
887 2155 969 2188 per-

340 2198 462 2223 sonam
488 2191 710 2224 Professoris
733 2191 811 2224 205.

290 2236 528 2268 Desnefactns
555 2236 629 2268 174.

290 2281 515 2313 Desuescere
541 2282 617 2313 174.
643 2279 724 2313 194.

289 2326 388 2358 Deus
414 2325 490 2356 177.
548 2346 561 2358 .

289 2371 492 2403 Devertere
518 2371 594 2402 173.

290 2415 557 2448 Deverticulum
583 2416 658 2448 171.
681 2415 762 2449 172.

287 2460 423 2493 Dicere
438 2462 542 2493 alicui
559 2463 704 2493 multam
721 2462 871 2493 salutem
887 2461 965 2494 206.

340 2506 418 2538 Vzd.
443 2507 577 2538 Valere
602 2507 637 2538 et
660 2508 868 2547 Repetebat.

287 2549 402 2582 Dies:
436 2552 479 2582 de
516 2554 573 2584 die
610 2555 645 2584 in
683 2553 774 2585 diem
812 2551 892 2584 171.
928 2554 965 2585 in

333 2596 410 2626 dies
435 2596 521 2628 ibid.

285 2639 440 2673 Differre
465 2650 574 2682 porro
598 2639 723 2685 (ultra)
747 2642 828 2675 180.

287 2686 487 2726 Digesta
514 2688 591 2718 193.

287 2731 471 2770 Digressio
497 2740 545 2762 αη
569 2733 756 2774 degressio
782 2733 858 2766 177.

285 2776 465 2808 Diluvium
490 2776 567 2807 187.

282 2821 432 2857 Dimidia
454 2829 539 2863 pars
562 2820 642 2855 188.

732 1197 890 1229 decimus
937 1199 974 1228 et

722 1289 973 1320 decrescentes

647 1696 811 1736 deinceps
847 1710 890 1718 -
927 1703 971 1727 ex

1042 342 1231 373 Dimidium
1256 340 1334 373 188.

1043 388 1239 427 Disciplina
1262 386 1421 427 puerilis»,
1446 388 1618 427 pueritiae
1639 384 1719 419 183.

1043 432 1207 474 Diserte,
1234 432 1380 463 disertis
1405 432 1525 463 verbis
1551 432 1628 465 180.

1044 478 1196 508 Dissitus
1222 477 1298 508 173.
1412 475 1415 477 ’

1044 523 1249 554 Distractus
1288 522 1380 552 mole
1419 529 1537 554 rerum
1577 523 1718 554 animus

1089 567 1170 598 201.
1207 568 1380 598 distracta
1413 569 1486 598 vita
1516 565 1604 598 z‘bz'd.
1641 567 1719 598 dis-

1090 615 1242 644 tractum
1294 614 1532 653 agitatumque
1584 616 1719 654 tempus

1088 656 1176 689 ibid.
1529 658 1540 662 ‘

1044 703 1217 734 Districta
1240 704 1316 734 vita
1339 701 1417 733 201.

1044 748 1139 779 Ditio
1164 747 1240 778 173.

1045 794 1237 824 Divertere
1261 801 1311 823 cm
1333 793 1526 825 devertere
1549 791 1628 824 173.

1044 838 1305 870 Diverticulum
1316 846 1365 868 αη
1374 838 1626 870 deverticulum
1636 836 1718 870 171.

1090 883 1168 914 172.

1044 929 1214 960 Divinus:
1253 927 1325 959 vid.
1358 927 1550 968 Inspiratio
1585 928 1621 959 et
1657 926 1719 960 In-

1090 976 1252 1005 stinctus.

1043 1019 1217 1050 Divitiae:
1241 1017 1316 1049 vid.
1341 1018 1571 1049 Luculentus.

1044 1064 1181 1094 Doctor
1207 1064 1419 1095 umbraticus
1436 1062 1514 1093 185.

1042 1109 1215 1140 Doctrina
1239 1109 1386 1147 puerilis
1409 1107 1485 1138 183.

1042 1154 1177 1185 Doctus
1212 1153 1322 1184 etiam
1354 1152 1398 1184 de
1432 1152 1606 1183 inanimis
1645 1152 1719 1184 dic.

1087 1198 1165 1231 178.
1192 1198 1344 1237 Graece,
1362 1199 1489 1230 Latine
1506 1197 1717 1231 doctus202.

1042 1245 1243 1276 Dominium
1270 1252 1319 1274 an
1342 1243 1537 1276 dominatio
1562 1243 1641 1275 172.

1042 1290 1179 1321 Domus
1207 1289 1286 1320 181.
1313 1289 1390 1320 186.

1042 1336 1189 1367 Duabus
1213 1335 1349 1367 filiabus
1377 1342 1450 1374 pro
1481 1334 1612 1366 duabus
1636 1333 1719 1366 filiis

1042 1426 1172 1458 Dubito
1197 1435 1241 1458 an
1264 1434 1336 1466 pro
1369 1426 1448 1457 dub.
1480 1434 1560 1458 num
1592 1424 1650 1456 vel
1672 1433 1719 1457 an

1090 1480 1160 1502 non
1185 1471 1264 1502 171.

1041 1516 1190 1547 Dubium
1214 1524 1286 1556 pro
1310 1516 1531 1548 dubitatione
1554 1514 1633 1546 192.

1041 1561 1182 1593 Ducere
1207 1562 1231 1592 i.
1257 1569 1289 1603 q.
1323 1565 1447 1602 putare
1473 1561 1548 1592 197.
1586 1559 1718 1601 aliquid

1087 1608 1256 1648 religioni
1281 1606 1377 1648 (sibi)
1402 1607 1534 1639 ducere
1549 1606 1628 1638 207.
1654 1606 1718 1637 du-

1087 1660 1173 1684 cere
1198 1653 1363 1684 familiam
1389 1651 1468 1683 193.

1040 1698 1131 1737 Dum
1169 1705 1250 1729 cum
1287 1695 1440 1738 Imperf.
1478 1704 1550 1737 pro
1588 1695 1716 1728 Prae-3.

1087 1744 1166 1774 dum
1198 1745 1396 1784 attingebat
1434 1741 1527 1784 (dum
1559 1740 1715 1784 attingit)

1086 1788 1163 1819 196.

1040 1833 1120 1864 Duo
1146 1834 1216 1864 viri
1242 1833 1319 1864 171.

1039 1879 1188 1909 Duritas
1216 1878 1293 1909 191.

1038 1923 1218 1963 Dux-ines,
1243 1923 1371 1954 duritia
1397 1921 1473 1953 191.
1498 1921 1578 1954 206.

1039 1969 1227 2000 Duumviri
1251 1975 1300 1997 (ιη
1324 1968 1468 1998 duoviri
1486 1966 1564 1998 171.
1589 1967 1716 1998 duum-

1086 2015 1202 2044 virum
1230 2011 1384 2044 Genitz'v.
1411 2012 1491 2044 ibid.

1039 2058 1117 2089 Dux
1141 2057 1165 2088 ι’.
1185 2066 1211 2089 e.
1240 2059 1472 2099 gubernatrix
1495 2056 1573 2089 203.

1039 2105 1134 2135 Ecce
1161 2104 1236 2134 186.

1038 2149 1169 2187 Ecquid
1196 2149 1271 2180 198.

1039 2193 1157 2225 Edere
1183 2195 1216 2224 in
1244 2194 1358 2224 lucem
1377 2191 1457 2224 203.
1481 2193 1574 2225 liber
1596 2193 1714 2225 editus

1083 2240 1119 2269 in
1137 2239 1238 2269 Folio
1264 2238 1427 2278 (Quarto,
1447 2238 1596 2281 Octavo,
1616 2239 1712 2271 Duo-

1083 2284 1238 2319 decimo)
1267 2284 1340 2313 199.

1037 2329 1154 2360 Editio
1184 2328 1259 2359 176.

1035 2374 1201 2405 Efficacia
1229 2373 1304 2406 180.

1034 2419 1167 2450 Effusio
1192 2418 1276 2449 203.

1034 2465 1160 2496 Electa
1193 2464 1270 2495 180.
1302 2463 1496 2495 electorum
1529 2470 1712 2495 commen-

1081 2511 1160 2540 tarii
1186 2508 1264 2540 188.

1034 2555 1189 2594 Elegans
1216 2555 1408 2585 formarum
1433 2555 1614 2592 spectator
1632 2553 1709 2587 191.

1034 2600 1220 2639 Elegantia
1245 2600 1278 2629 et
1304 2600 1503 2640 elegantiae
1526 2598 1605 2631 200.

1035 2645 1195 2685 Elogium
1219 2643 1297 2674 173.

1033 2690 1174 2727 Eluvio‚
1199 2689 1386 2720 eluviones
1413 2689 1489 2720 187.

1033 2735 1230 2766 Emendare
1255 2733 1288 2765 et
1313 2735 1497 2774 corrigere
1521 2734 1600 2770 196.

1032 2779 1351 2812 Emendatiuncula
1374 2779 1451 2812 198.
1575 2771 1586 2782 '

1032 2824 1264 2858 Emendicare
1287 2823 1366 2856 204.
