1833 3237
598 223 924 264 &99-

74 334 336 385 cognitionem
368 333 581 387 exstitisse,
612 336 842 382 praedicare
872 335 1032 373 solebat.
1096 338 1153 373 De
1176 338 1314 384 Hopfio
1336 337 1491 374 memini

74 395 222 438 patrem
251 390 341 427 mihi
370 401 497 427 meum
530 401 701 436 narrare,
733 402 848 437 quum
879 391 1039 436 diceret,
1070 403 1114 429 se
1147 404 1308 439 puerum
1340 395 1492 430 Bernae

72 448 179 484 illum
209 447 285 483 iam
316 447 604 483 adolescentem
635 449 869 483 Graecarum
899 446 1117 484 Literarum
1148 448 1266 485 laude
1292 450 1490 486 florentem

74 503 337 555 cognovisse,
374 503 538 552 eiusque
580 503 756 548 exemplo
795 502 844 538 ad
884 502 1056 538 eamdem
1088 503 1239 540 laudem
1270 515 1489 551 capessen-

72 558 158 595 dam
198 558 402 595 incitatum
441 558 579 595 fuisse.
646 558 726 594 Sed
768 558 817 594 de
847 561 956 604 patre
986 568 1082 603 mec,
1112 559 1256 605 optimo
1285 561 1382 604 viro,
1413 561 1492 605 cui,

72 613 176 660 quod
213 614 300 660 ipsa
338 614 419 650 vita
456 614 584 650 maius
624 617 698 658 est,
735 613 955 650 Literarum
1003 623 1171 650 amorem
1209 615 1491 662 excolendique

72 669 225 718 ingenii
247 669 361 706 initia
389 669 524 721 debui,
549 679 622 706 non
642 673 702 706 est
732 670 834 715 quod
856 670 930 706 hoc
953 668 1037 706 loco
1058 669 1171 716 plura
1192 671 1340 716 dicam3
1360 681 1490 717 quan-

70 725 274 772 doquidem
302 725 393 761 alibi
423 725 503 761 dixi
533 725 582 761 de
610 725 717 762 illius
738 725 892 774 Elegio,
922 725 1022 774 quod
1054 725 1212 772 scripsit
1236 728 1268 764 Ι.
1292 727 1490 763 Christia-

72 791 147 817 nus
177 778 421 830 Bangius,*)
459 781 623 830 egregia
653 781 712 817 vir
741 785 781 817 et
810 781 1071 827 Antiquarum
1100 782 1320 818 Literarum
1350 782 1490 818 scien-

71 835 136 885 tia,
166 840 206 873 et
235 838 402 874 Latinae
432 836 620 873 orationis
658 837 870 884 facultate,
916 837 985 873 sed
1023 838 1169 874 exteris
1209 838 1336 887 magis
1375 849 1489 885 quam

71 891 221 929 civibus
250 892 335 938 ipse
365 892 449 927 suis
477 892 673 940 cognitus.

184 947 305 984 Venit
334 947 504 993 denique
532 951 700 994 tempus,
730 957 804 993 quo
837 947 1098 984 Ruhnkenius
1127 949 1234 984 illam
1265 949 1381 985 etiam
1411 949 1486 985 do-

69 1002 221 1040 ctrinae
249 1013 347 1039 suae
375 1005 537 1050 partem,
558 1013 659 1049 quae
688 1002 887 1049 exquisita
915 1003 1099 1040 librorum
1132 1004 1356 1052 cognitione
1386 1014 1487 1041 con-
1508 999 1586 1035 ¹66

69 1059 210 1105 stabat,
240 1058 394 1105 publico
423 1069 585 1095 munere
623 1061 663 1095 et
690 1059 938 1104 profiteretur
977 1062 1017 1095 et
1046 1062 1306 1107 expromeret,
1337 1063 1489 1096 mortuo

70 1114 296 1151 Abrahamo
326 1113 523 1152 Gronovio
555 1112 722 1162 (1774.)
753 1114 972 1151 succedens
1000 1113 1038 1150 in
1068 1116 1318 1161 praefectura
1346 1115 1489 1151 biblio-

68 1170 210 1207 thecae
249 1170 623 1219 Lugdnnobatavae.
688 1169 789 1207 Huic
829 1170 958 1207 adhuc
998 1169 1088 1207 vivo
1129 1181 1245 1217 quum
1277 1172 1490 1208 Curatores

69 1235 339 1261 successorem
378 1225 578 1262 destinare
607 1225 777 1271 vellent3
818 1229 983 1272 uterque
1013 1225 1230 1262 Literarum
1260 1227 1486 1275 Professor,

68 1283 108 1317 et
137 1280 398 1318 Ruhnkenius
436 1284 476 1317 et
511 1281 814 1328 Valckenarius,
856 1281 1094 1327 provinciam
1135 1282 1335 1331 petebant,
1381 1282 1488 1318 nulla

67 1336 125 1373 illi
156 1337 434 1374 obtrectatione
463 1340 532 1374 aut
561 1336 721 1385 invidia,
761 1347 863 1383 quae
892 1337 930 1374 in
962 1338 1034 1374 hos
1063 1337 1169 1374 viros
1201 1348 1275 1374 non
1307 1338 1485 1386 cadebat,

66 1393 137 1429 sed
168 1393 297 1440 potius
327 1396 434 1430 certo
463 1393 604 1430 iudicio
639 1396 678 1429 et
711 1392 894 1442 amicitia,
937 1397 979 1430 ut
1009 1404 1056 1430 eo
1094 1393 1241 1431 certius
1271 1395 1371 1430 alter
1401 1405 1488 1431 om-

68 1448 157 1486 nino
187 1459 272 1486 eam
303 1451 487 1486 auferret.
542 1448 671 1498 Igitur
699 1452 739 1485 et
761 1449 1049 1486 Valckenarius
1070 1449 1160 1486 huic
1176 1450 1343 1486 delatam
1365 1461 1486 1497 prae-

68 1505 259 1541 fecturam
299 1515 350 1542 ex
379 1505 505 1541 animo
540 1506 765 1559 gratulatus
796 1509 878 1542 est:
924 1509 962 1541 et
993 1506 1266 1552 Ruhnkenius,
1297 1516 1382 1543 cum
1414 1506 1481 1553 illi,

66 1564 147 1597 tum
177 1560 334 1607 reliquis
364 1560 661 1598 Professoribus
689 1561 955 1610 gratissimum
986 1562 1093 1607 fecit,
1124 1562 1262 1609 partim
1293 1562 1486 1598 facilitate

67 1616 107 1652 in
146 1615 398 1663 impertiendo
444 1617 765 1663 expediendoque
825 1617 1005 1654 librorum
1045 1628 1145 1664 usu,
1188 1618 1320 1664 partim
1361 1617 1488 1665 gratia

65 1672 169 1718 apud
200 1674 409 1710 Curatores
438 1672 475 1709 in
507 1672 746 1718 impetranda
775 1673 1079 1709 extraordinaria
1109 1673 1277 1719 pecunia
1307 1674 1485 1709 emundis

66 1728 177 1764 bonis
206 1728 327 1766 libris.
390 1729 596 1766 Caeterum
626 1728 665 1764 in
696 1728 903 1776 augendae
938 1729 1312 1774 locupletandaeque
1342 1729 1486 1765 biblio-

65 1783 204 1820 thecae
233 1784 367 1820 studio
398 1783 579 1831 perstitit,
608 1784 788 1829 quamdiu
819 1785 1003 1830 sperabat
1034 1786 1129 1826 fore,
1160 1788 1202 1819 ut
1232 1785 1302 1819 illa
1332 1784 1485 1820 tandem

65 1849 115 1876 ex
157 1839 232 1875 hac
271 1839 342 1875 loci
381 1839 566 1887 angustia
603 1838 643 1875 in
684 1838 847 1885 amplius
886 1842 1042 1876 etcum
1072 1839 1195 1886 ipsius
1227 1840 1486 1885 praestantia,

64 1899 144 1930 tum
176 1895 415 1932 Academiae
445 1895 740 1944 fama‚dignum
771 1894 1009 1931 domicilium
1032 1896 1316 1932 traduceretur.
1375 1897 1484 1940 Quae

64 1961 157 1997 spes
187 1961 301 1997 quum
333 1951 540 1997 aliquoties
570 1961 658 1986 eum
689 1951 922 1996 fefellisset,
968 1961 1163 1996 quumque
1192 1951 1485 1987 animadverte-

64 2009 124 2042 ret
146 2006 329 2055 quotidie,
360 2007 480 2042 libros
511 2006 563 2041 ita
593 2005 869 2051 constipandos
900 2016 1004 2051 esse,
1044 2011 1087 2042 ut
1118 2006 1182 2042 vix
1211 2017 1311 2042 usus
1342 2009 1381 2042 et
1412 2017 1485 2043 co-

63 2062 189 2111 gnitio
220 2073 351 2099 eorum
383 2061 548 2108 amplius
577 2064 788 2108 constaret,
820 2072 891 2097 nec
912 2060 948 2096 in
972 2062 1046 2098 hac
1065 2062 1249 2110 angustia
1269 2072 1313 2097 se
1343 2072 1485 2108 operae

64 2118 230 2164 pretium
275 2120 410 2154 t’acere
447 2127 589 2163 posse3
627 2127 757 2153 curam
800 2117 1064 2165 instruendae,
1095 2118 1373 2165 disponendae,
1408 2129 1484 2154 ex-

63 2173 345 2220 plicandaeque
373 2172 646 2219 bibliothecae,
667 2174 800 2209 futuro
831 2174 1056 2209 successori
1085 2174 1259 2219 reliquit.
1301 2174 1359 2210 At
1384 2174 1484 2209 item

62 2229 249 2275 deinceps
283 2239 492 2266 successor
523 2229 748 2265 successori
779 2229 881 2265 hanc
909 2229 1129 2275 relinquere
1150 2239 1282 2264 curam
1305 2232 1483 2276 cogetur,
1501 2236 1582 2273 167

63 2285 242 2330 quamdiu
273 2285 334 2321 his
363 2285 401 2322 in
432 2284 507 2322 loci
538 2285 730 2334 angustiis
760 2285 993 2321 bibliotheca
1023 2285 1159 2320 relicta
1191 2284 1322 2320 fuerit.

177 2341 373 2388 Deinceps
404 2341 480 2378 fuit
509 2341 722 2378 saecularis
753 2339 992 2377 Academiae
1011 2341 1380 2389 Lugduncbatavae
1402 2351 1484 2376 an·-

64 2406 137 2432 nus
178 2397 277 2434 alter
307 2395 478 2445 (1775.)
519 2396 609 2433 Acti
648 2399 741 2432 sunt
778 2396 862 2432 dies
892 2396 983 2432 sesti
1014 2396 1090 2433 duo
1115 2396 1239 2433 Nonis
1263 2396 1487 2433 Februariis

62 2455 101 2488 et
133 2452 327 2499 postridie.
395 2454 440 2489 In
482 2452 530 2488 iis
571 2452 809 2500 Ruhnkenii,
858 2453 956 2497 quod
989 2453 1074 2498 quis
1104 2453 1276 2498 miretur,
1308 2452 1485 2498 quamvis

62 2507 320 2554 Eloquentiae
351 2508 604 2557 professoris,
636 2508 766 2544 nullae
797 2510 957 2544 fuerunt
991 2511 1124 2554 partes
1155 2509 1216 2544 vel
1250 2508 1287 2544 in
1320 2508 1483 2545 dicendo

63 2564 126 2599 vel
155 2564 192 2600 in
220 2565 445 2601 scribendo:
485 2566 646 2601 fuerunt
686 2564 872 2610 quaedam
908 2563 948 2601 in
988 2565 1239 2611 praefectura
1269 2564 1483 2608 spectaculi

62 2619 342 2665 pyrotecbnici.
407 2621 488 2657 Sed
516 2621 602 2668 ipse
632 2619 808 2668 agnovit,
853 2618 892 2655 in
922 2619 1198 2657 distribuendis
1229 2620 1481 2668 temporibus,

62 2675 252 2722 personis,
277 2675 506 2723 actionibus,
539 2677 726 2722 quaedam
757 2674 929 2711 admissa
972 2675 1111 2723 fuisse,
1144 2686 1243 2722 quae
1273 2676 1483 2722 posteritas

74 2759 102 2799 ’)
127 2761 290 2793 Bibliotli.
315 2761 401 2794 Crit.
426 2764 507 2795 Vol.
530 2763 574 2794 ll.
602 2764 694 2795 Part.
723 2764 764 2794 ll.
791 2773 822 2804 p.
852 2764 916 2795 138
953 2762 1021 2803 (Cf.
1048 2763 1158 2794 eiusd.
1186 2764 1272 2795 Bibl.
1299 2764 1378 2795 Vol.
1409 2762 1470 2793 111.

107 2806 200 2838 Part.
227 2806 285 2838 lv.
311 2816 342 2847 p.
367 2808 423 2838 97.
452 2816 502 2848 sq.
530 2808 620 2848 ΕΒ.)
1152 2850 1208 2887 7*
