1816 3233
672 211 977 251 -139—

117 318 360 363 consuetudo
401 324 674 364 intercederet.
734 325 881 372 Nemo,
925 326 987 361 vel
1025 324 1202 361 doctrina
1242 324 1426 374 cognitus
1459 325 1531 369 vir,

119 381 181 418 vel
218 381 379 429 ignotus
409 382 661 429 adolescens,
700 381 749 417 de
788 391 864 427 quo
903 381 1002 417 bene
1032 385 1314 429 auguraretur,
1344 391 1431 418 eum
1463 392 1531 428 per

119 437 308 484 epistolas
346 437 439 483 quid
478 438 653 485 rogavit,
700 437 763 473 cui
805 447 877 473 non
919 437 1089 485 benigne
1130 438 1426 484 immaniterque
1467 439 1529 473 vel

117 494 393 542 responderet,
440 494 505 529 vel
544 494 804 529 satisfaceret.
870 493 1044 529 Fuerunt
1082 504 1173 529 vero
1214 494 1349 540 etiam,
1389 495 1531 540 quibus

118 559 322 596 numquam
354 550 630 598 responderet,
669 549 845 595 quamvis
875 560 992 595 saepe
1021 559 1153 585 eorum
1182 551 1358 596 epistolis
1388 561 1533 597 provo-

118 609 230 641 catus
260 610 299 642 et
328 610 597 654 oppugnatus;
628 607 663 641 si
691 606 867 651 quidem,
898 617 983 641 cum
1015 606 1215 641 doctrinae
1246 608 1423 657 penuria,
1454 618 1529 642 su-

118 663 287 708 perbiam
318 663 618 708 postulandique
646 663 973 708 importunitatem
1017 666 1055 698 et.
1084 662 1360 708 impudentiam
1392 664 1531 699 adfer-

119 721 216 754 rent.
275 718 512 770 Discipulos,
541 720 681 764 quibus
712 722 779 754 aut
809 719 1008 767 ingenium
1039 723 1107 754 aut
1138 719 1319 755 voluntas
1353 719 1532 756 discendi

117 774 297 818 deesset,
337 774 498 810 iubebat
534 775 639 810 aliud
680 775 845 820 quodvis
885 786 996 821 quam
1041 775 1237 811 iiteratum
1268 776 1373 811 vitae
1402 785 1530 823 genus

117 829 249 875 sequi:
287 830 426 874 quibus
456 831 525 866 illa
555 831 760 881 adessent,
798 832 869 867 hos
900 831 1018 866 facile
1048 831 1404 878 animadvertebat,
1444 832 1529 877 pri-

117 887 236 922 vatim
266 885 314 923 ad
344 896 388 921 se
417 887 569 921 domum
600 887 787 934 vocabat,
817 887 1087 923 adhortatione
1116 888 1322 932 incitabat,
1354 889 1393 923 in
1424 887 1530 933 opti-

117 952 216 978 mam
245 941 522 989 progrediundi
553 942 655 978 viam
686 942 866 978 ducebat.
926 944 1011 979 Nec
1048 944 1194 978 minore
1234 943 1426 979 facilitate
1457 954 1532 979 ex-

115 997 284 1044 cipiebat
311 998 600 1050 provectiores,
641 998 732 1034 licet
771 998 992 1035 scholarum
1024 999 1110 1035 eius
1141 1003 1343 1045 expertes,
1375 999 1409 1034 si
1440 999 1532 1045 qui>-

117 1054 203 1090 dem
234 1065 320 1090 cum
349 1055 505 1090 sincero
537 1055 756 1090 [literarum
786 1065 915 1090 amore
945 1065 989 1091 se
1019 1056 1065 1090 ad
1098 1065 1185 1091 eum
1216 1055 1472 1101 applicarent.
1493 1051 1532 1100 *j

118 1112 282 1156 Eorum,
313 1110 377 1156 qui
417 1110 535 1146 altius
567 1111 724 1146 evolare
754 1114 794 1146 ct
823 1121 941 1156 posse
981 1114 1019 1146 et
1058 1112 1160 1147 velle
1190 1112 1439 1156 viderentur,
1477 1112 1533 1147 ita

115 1167 200 1201 fere
230 1166 407 1202 tentabat
446 1176 493 1201 ac
522 1167 714 1202 tractabat
743 1167 925 1214 ingenia,
965 1168 1093 1214 prouti
1123 1164 1532 1214 Hemsterhusium**]

117 1222 343 1266 factitasse,
385 1221 472 1266 ipse
502 1223 660 1268 scripsit
690 1222 729 1257 in
762 1224 848 1258 eius
878 1224 1031 1270 Elogio.
1090 1224 1216 1260 Dabat
1245 1225 1294 1260 iis
1324 1223 1362 1259 in
1393 1233 1531 1258 manus

112 1277 319 1325 egregium
349 1277 516 1323 aliquem
550 1277 708 1314 classici
729 1279 919 1314 Auctoris
950 1279 1088 1324 locum,
1119 1279 1259 1315 iubens
1290 1289 1376 1315 eum
1407 1289 1533 1314 accum

112 1337 197 1369 rate
226 1334 376 1381 legere,
404 1333 558 1379 sibique
586 1335 737 1370 referre
777 1334 868 1380 quid
899 1334 1066 1370 maxime
1104 1335 1272 1371 animum
1303 1334 1531 1383 pepulisset,

111 1390 203 1436 quid
233 1390 400 1425 maxime
428 1389 663 1436 placuisset,
701 1391 793 1436 quid
825 1391 1021 1436 exquisite
1050 1391 1221 1439 dictum,
1261 1392 1353 1437 quid
1385 1393 1531 1428 obscu-

112 1456 197 1481 rum
237 1457 284 1481 ac
321 1446 482 1482 difficile
522 1447 724 1482 intellectu
764 1447 974 1483 videretur.
1033 1448 1076 1483 Si
1108 1448 1160 1483 nil
1191 1457 1429 1495 magnopere
1459 1458 1527 1483 re-
1541 1446 1622 1484 234

113 1503 279 1550 ferrent,
319 1502 435 1538 alium
480 1502 667 1548 deinceps
709 1504 770 1539 vel
813 1503 988 1539 eiusdem
1029 1504 1091 1539 vel
1134 1504 1296 1540 alterius
1340 1504 1529 1540 Auctoris

111 1558 238 1594 locum
270 1558 410 1607 dabat,
449 1559 575 1594 donec
595 1559 786 1595 eiusmodi
817 1560 907 1604 quid
940 1561 1152 1605 referrent,
1183 1561 1287 1596 unde
1319 1564 1425 1596 certo
1455 1571 1530 1605 ap-

112 1617 288 1660 pareret,
331 1625 400 1650 eos
431 1625 517 1650 cum
548 1625 668 1650 sensu
698 1616 783 1651 veri
814 1616 1017 1662 pulcrique
1047 1616 1210 1664 legisse.
1268 1619 1396 1663 Saepe
1427 1616 1529 1653 enim

113 1671 169 1717 fit,
199 1674 243 1705 ut
272 1671 338 1715 qui
368 1671 408 1706 in
439 1670 516 1705 alio
548 1671 721 1719 frigeant
751 1673 939 1718 Auctore,
969 1672 1086 1708 iidem
1117 1673 1193 1708 alio
1225 1673 1392 1709 caleant.
1450 1673 1529 1709 Sed

113 1726 179 1761 ubi
209 1726 331 1762 semel
362 1725 634 1772 incaluissent,
663 1728 775 1762 salva
801 1738 865 1763 res
895 1731 998 1763 erat:
1029 1729 1127 1764 bene
1158 1732 1378 1775 coeperant,
1410 1729 1530 1764 dimi-

110 1782 216 1817 dium
249 1781 342 1817 facti
372 1779 668 1829 habebant.***]
728 1785 817 1828 lpse
857 1787 986 1829 partes
1025 1785 1101 1820 loci
1132 1785 1376 1821 difficiliores
1406 1786 1529 1821 inter-

111 1838 298 1884 pretando
337 1837 588 1883 expediebat:
624 1838 728 1889 unde
758 1839 990 1876 discentium
1020 1844 1060 1876 et
1098 1850 1335 1888 progressus
1361 1843 1529 1877 iuvaba-

110 1897 192 1940 tur‚
233 1897 273 1930 et
313 1894 485 1930 studium
525 1894 818 1932 incendebatur.
889 1897 961 1941 Hi,
1003 1897 1069 1932 tali
1107 1898 1258 1933 ratione
1298 1899 1399 1934 lecto
1430 1899 1530 1940 loco,

111 1952 251 1996 sponte
305 1960 377 1986 sua
431 1949 480 1985 ad
537 1953 656 1985 totum
704 1951 914 1986 Auctorem
963 1953 1244 1999 perlegendum
1294 1956 1530 1990 ferebantur.

110 2006 222 2050 Quod
253 2006 342 2041 dum
373 2006 557 2052 agebant,
589 2007 769 2042 monebat
799 2016 867 2041 eos
898 2007 1003 2053 item,
1034 2012 1076 2043 ut
1107 2009 1320 2057 diligenter
1350 2011 1529 2046 animad-

112 2065 310 2097 verterent
347 2061 456 2096 locos
494 2062 684 2097 obscuros
724 2072 771 2098 ac
801 2062 1005 2113 difficiles,
1045 2065 1093 2100 de
1132 2065 1258 2111 iisque
1293 2066 1527 2110 iudicarent,

112 2120 239 2153 utrum
277 2117 567 2162 interpretando
601 2127 649 2152 an
693 2119 933 2154 emendando
972 2121 1205 2165 expediendi
1246 2127 1390 2157 essent.
1449 2125 1526 2158 Sed

110 2173 285 2209 iuvenile
313 2173 516 2221 ingenium
546 2175 630 2210 fere
659 2174 706 2208 ad
737 2175 1045 2211 emendationem
1087 2178 1260 2222 proclive
1289 2181 1371 2226 est,
1413 2178 1526 2214 eius-

110 2236 187 2275 que
216 2229 384 2265 audacia
411 2229 583 2275 capitur:
614 2230 946 2278 interpretationis
977 2232 1099 2268 veluti
1131 2233 1275 2269 lentum
1303 2235 1377 2270 iter
1407 2236 1526 2271 fasti-

111 2284 180 2321 dit.
226 2287 302 2322 Est
331 2295 425 2321 sane
457 2286 676 2322 emendatio
698 2297 838 2322 munus
869 2288 1118 2334 praecipuum
1150 2290 1330 2336 emices,
1363 2291 1526 2337 eiusque

112 2341 291 2377 tirocinio
331 2344 421 2388 apta
461 2342 499 2378 iu
540 2342 675 2388 primis
706 2342 889 2388 materia,
932 2354 1019 2380 cum
1050 2346 1333 2383 exercitatione
1363 2347 1525 2396 ingenii,

106 2504 139 2541 ’J
163 2503 291 2536 Cicero
327 2507 360 2536 in
398 2507 504 2538 Bruto
540 2517 569 2539 o.
603 2510 658 2539 90.
716 2509 853 2548 Quibus
886 2520 956 2542 non
991 2514 1184 2545 contentus
1223 2515 1386 2548 Rhodum
1426 2521 1524 2559 *ou-eni,

152 2553 278 2590 -meqvie
301 2551 350 2580 ad
373 2553 543 2593 eundem,
569 2563 670 2595 quem
698 2553 833 2587 Romae
859 2557 1091 2599 audiveram,
1119 2560 1302 2592 Molonem
1327 2563 1524 2603 applicavi.

155 2593 444 2626 LlNDEMANN.

108 2645 153 2685 ⁰)
181 2649 219 2678 ln
246 2650 373 2690 Elogio
398 2661 428 2690 p.
453 2653 510 2682 57.
561 2651 656 2693 [Vol.
683 2655 706 2685 1.
736 2664 813 2695 pag.
838 2657 915 2687 252.
940 2658 993 2687 ed.
1022 2667 1066 2688 m.
1113 2658 1203 2701 Fa]

106 2703 171 2739 ⁸⁰)
196 2704 435 2737 Proverbiale.
495 2709 570 2739 Vid.
608 2711 644 2739 Α.
685 2712 873 2748 schottus,
919 2714 1088 2744 Proverl).
1124 2722 1144 2745 e
1192 2718 1316 2756 suida,
1357 2719 1423 2757 nl,
1467 2719 1523 2749 64.

153 2749 304 2780 WYTT.
337 2767 381 2773 ——
414 2752 536 2784 Horat.
564 2755 671 2793 Epist.
700 2756 730 2795 1,
755 2757 787 2793 2,
814 2757 869 2788 40.
922 2757 1115 2791 Dimidium
1139 2760 1234 2799 facti
1252 2785 1260 2800 ,
1294 2765 1354 2804 qui
1388 2765 1524 2804 eoepit.

152 2791 287 2829 habet:
309 2802 440 2836 smper&
463 2797 581 2829 aude!
606 2798 749 2840 Incipe!
775 2803 831 2833 ιιΙη·
857 2803 902 2833 cf.
929 2804 1077 2834 Sclnnid.
1130 2806 1201 2837 FR-
