1833 3237
849 198 903 204 —
992 176 1043 215 10
1118 197 1173 206 ...-

303 299 378 335 que
417 287 584 336 Bergeri
622 286 743 323 libros
773 287 1048 335 cognovisset,
1078 296 1336 336 magnamque
1366 286 1451 325 eius
1481 286 1711 325 admiratio-

302 354 390 379 nem
420 343 684 392 concepisset,
714 353 802 379 eum
831 344 913 380 adit
941 344 1163 381 salutatum.
1224 343 1300 379 Hic
1323 344 1610 380 adolescentem
1641 354 1713 380 co-

301 400 416 435 miter
446 398 612 444 excipit,
644 399 809 445 eiusque
840 400 1034 446 colloquio
1071 411 1118 436 ac
1146 399 1323 435 doctrina
1352 400 1589 445 delectatus,
1618 400 1714 436 Rit-

300 458 385 492 tero
415 465 502 490 eum
533 453 739 501 conciliat,
776 455 940 492 alterum
981 455 1144 492 alterius
1184 455 1410 503 cognitione
1451 455 1637 504 dignum,
1675 458 1715 491 et

301 511 455 554 utrique
485 509 554 545 illa
583 510 858 547 conciliatione
888 514 1043 559 gratum
1073 522 1118 547 se
1147 513 1342 547 facturum
1371 510 1561 548 iudicans,
1603 513 1712 559 Ergo

300 575 419 602 unum
449 565 664 602 alterumve
694 566 794 602 diem
827 567 890 602 his
921 578 1008 603 cum
1038 567 1135 603 viris
1164 567 1224 602 sic
1253 577 1330 602 una
1360 566 1435 602 fuit
1465 569 1509 602 ut
1537 567 1713 602 vicissim

300 624 556 671 caperentur,
593 625 633 657 et
667 621 754 668 ipse
785 623 936 659 illorum
979 623 1244 658 benivolentia
1273 633 1320 658 ac
1351 622 1549 668 doctrina,
1589 625 1628 657 et
1655 622 1716 657 illi

298 676 427 722 ipsius
457 675 616 725 ingenio
648 680 687 714 et
716 678 936 725 elegantia:
966 679 1052 724 ipse
1082 679 1229 714 abitum
1256 678 1304 713 de
1335 679 1398 713 die
1428 679 1468 713 in
1497 678 1600 713 diem
1631 677 1716 712 dif-

298 733 417 778 ferre,
447 733 725 780 Wittebergae
755 744 910 769 manere
940 734 1066 776 malle,
1099 744 1171 768 nec
1199 736 1329 768 tamen
1359 733 1528 780 audere,
1561 743 1609 768 ne
1639 743 1715 777 pa-

299 790 453 824 rentum
505 789 744 824 voluntatem
792 789 986 823 fefellisse
1029 788 1253 824 videretur:
1303 788 1381 831 illi,
1433 791 1477 823 ut
1529 790 1715 832 maneret,

300 845 457 890 optare,
489 854 562 878 nec
588 846 716 879 tamen
745 844 913 879 suadere
937 844 1039 878 velle
1068 844 1106 879 id
1138 843 1254 888 quod,
1285 843 1362 878 nisi
1393 845 1595 879 confutata
1624 843 1716 889 pie-

300 898 393 934 tatis
423 899 618 943 opinione,
649 899 808 934 suaderi
839 909 914 935 non
945 901 1092 945 posset.
1124 898 1296 935 Tandem
1327 899 1412 945 ipse
1442 899 1716 944 Ruhnkenius,

299 954 516 989 rationibus
546 964 679 990 secum
709 954 882 1001 agitatis,
912 955 1193 991 dubitationem
1233 954 1356 1001 tollit,
1395 950 1716 990 constituit'ma-

302 1019 421 1057 nere,
461 1012 500 1045 et
539 1010 746 1046 consilium
782 1012 1011 1056 parentibus
1049 1011 1224 1056 probare.
1282 1011 1333 1045 Et
1377 1011 1497 1046 facile
1526 1010 1717 1055 probavit.

301 1066 402 1101 Nam
432 1065 533 1110 quod
563 1066 790 1110 parentibus
819 1067 1070 1111 ostendebat,
1110 1076 1154 1101 se
1182 1065 1244 1112 id,
1275 1066 1390 1101 cuius
1419 1075 1564 1101 caussa
1588 1067 1714 1102 Goet-

300 1121 449 1167 tingam
479 1124 642 1167 peteret,
671 1121 832 1157 uberius
864 1121 978 1165 etiam
997 1121 1273 1168 Wittebergae
1301 1121 1454 1157 discere
1479 1131 1611 1168 posse,
1641 1132 1717 1168 pa-

300 1180 433 1212 rentes
481 1176 656 1212 iudicare
704 1187 780 1212 non
827 1180 1030 1223 poterant:
1078 1180 1117 1213 et
1165 1177 1355 1213 malebant
1394 1178 1513 1213 filium
1557 1178 1720 1224 propius

233 1235 287 1273 14
303 1233 466 1277 abesse,
507 1232 618 1268 modo
655 1232 757 1268 intra
794 1233 957 1269 duorum
996 1233 1165 1279 spatium
1206 1243 1393 1269 annorum
1424 1233 1577 1269 domum
1607 1234 1719 1268 redi-

301 1293 376 1326 rct.
436 1289 577 1334 Neque
616 1298 709 1324 vero
739 1289 974 1325 Ruhnkenio
1006 1289 1106 1334 quod
1149 1293 1379 1334 sequeretur
1409 1289 1557 1325 deerat.
1618 1290 1719 1325 Nam

300 1346 395 1380 licet
426 1346 661 1381 Graecarum
691 1345 885 1382 institutio
927 1346 1148 1381 Literarum
1188 1345 1465 1392 Wittebergae
1500 1348 1569 1380 aut
1597 1345 1719 1389 nulla,

301 1404 371 1436 aut
411 1401 517 1436 nullo
555 1401 595 1436 in
636 1411 794 1437 numero
833 1405 961 1443 esset,
1008 1402 1112 1437 claro
1143 1405 1251 1437 certe
1282 1403 1514 1437 Professore
1544 1403 1717 1446 careret3

301 1467 433 1493 earum
475 1460 601 1492 tamen
643 1467 690 1492 ea
729 1458 896 1493 scientia
926 1458 1109 1494 valebant
1148 1457 1343 1493 duumviri
1383 1457 1463 1503 illi,
1507 1460 1551 1492 ut
1589 1458 1637 1493 ab
1667 1457 1719 1492 iis

301 1514 562 1551 Rulinkenius
593 1513 747 1549 discere
779 1517 931 1559 posset:
963 1517 1001 1550 et
1030 1514 1065 1550 si
1096 1514 1196 1549 forte
1215 1514 1415 1550 Gesnerus
1436 1513 1582 1549 maiore
1612 1515 1720 1548 esset

301 1570 489 1617 scientia,
530 1570 604 1605 hoc
642 1580 717 1604 non
756 1572 905 1606 tantum
944 1573 1048 1615 erat,
1078 1573 1120 1605 ut
1151 1572 1329 1605 caeteras
1369 1569 1718 1616 Wittebergenses

301 1625 613 1671 opportunitates
643 1626 844 1668 obrueret,
876 1627 943 1662 ubi
972 1627 1071 1661 duos
1102 1626 1269 1661 habebat
1300 1625 1480 1660 doctores
1511 1628 1550 1659 et
1579 1635 1719 1660 aman-

300 1685 364 1717 tes
395 1682 459 1716 sui
490 1684 527 1716 et
558 1680 606 1715 ad
637 1680 939 1717 familiaritatem
971 1681 1223 1718 conciliatos:
1260 1681 1361 1726 quod
1392 1691 1440 1715 an
1469 1680 1561 1715 item
1592 1681 1717 1717 Goet-

302 1736 440 1783 tingae
470 1736 701 1770 inventurus
732 1740 851 1780 esset,
882 1737 921 1771 in
954 1738 1097 1772 maiore
1129 1741 1168 1771 et
1196 1736 1457 1771 studiosorum
1481 1736 1718 1772 adolescen-

302 1792 397 1828 tium
437 1800 595 1827 numero
637 1793 676 1826 et
714 1792 984 1828 professorum
1028 1792 1304 1839 occupatione,
1347 1801 1421 1827 non
1452 1792 1539 1827 sine
1567 1793 1719 1828 ratione

302 1848 517 1884 dubitabat.

417 1907 523 1941 Duos
553 1915 676 1941 annos
706 1905 982 1953 Wittebergae
1013 1905 1165 1941 audivit
1204 1904 1397 1941 Ritterum
1436 1904 1718 1951 Iurispruden-

302 1961 395 1997 tiam
426 1963 465 1996 et
493 1961 711 2006 HistoriaS,
750 1960 968 2008 Bergerum
1010 1961 1280 2006 Antiquitates
1319 1962 1518 1998 Romanas
1549 1965 1588 1998 et
1619 1961 1718 1998 Elo-

302 2018 485 2063 quentiae
537 2020 746 2063 praecepta
791 2018 1027 2053 tradentem:
1074 2017 1202 2062 iisque
1242 2016 1282 2052 in
1322 2017 1512 2054 doctrinis
1555 2026 1719 2064 magnos

301 2074 398 2109 fecit
435 2082 692 2120 progressus:
734 2083 894 2118 quorum
934 2074 1131 2117 specimen
1177 2073 1337 2108 biennio
1373 2076 1510 2119 postea
1548 2072 1720 2119 prodidit

300 2129 433 2164 libello
464 2129 513 2164 ad
544 2129 739 2173 publicam
771 2129 1094 2174 disceptationem
1124 2129 1343 2174 proposito,
1374 2129 1438 2165 De
1469 2130 1587 2166 Galla
1618 2129 1720 2165 Pla-

302 2186 408 2221 cide'a
439 2183 682 2231 Auyusta.*J
740 2185 819 2220 Sed
860 2195 975 2229 quum
1005 2183 1210 2229 utriusque
1240 2184 1411 2220 doctoris
1448 2184 1718 2221 institutiones

301 2240 359 2276 ita
391 2243 697 2286 consectaretur,
727 2243 769 2276 ut
798 2241 942 2275 nullam
973 2250 1105 2276 earum
1135 2242 1281 2286 partem
1303 2241 1579 2285 praeterfluere
1605 2240 1719 2275 sine-

303 2299 386 2343 ret,
423 2299 503 2331 tum
540 2296 808 2343 Bergerianae
847 2296 894 2330 ad
935 2296 1096 2333 duorum
1135 2295 1174 2331 in
1205 2295 1340 2340 primis
1371 2296 1574 2331 scientiam
1607 2297 1718 2332 loco-

303 2361 388 2388 rum
419 2352 644 2395 valuerunt,
674 2353 714 2387 in
745 2352 886 2396 quibus
916 2355 1053 2397 postea
1083 2351 1233 2397 etipse
1264 2352 1459 2399 regnavit,
1490 2351 1640 2388 etmihi
1669 2352 1718 2386 ad

303 2407 533 2443 discendum
562 2407 730 2453 profuit:
772 2407 880 2453 dico,
911 2408 1075 2444 Latinae
1105 2406 1294 2444 orationis
1325 2407 1547 2455 puritatem,
1576 2411 1614 2444 et·
1643 2408 1719 2443 bo-

303 2473 440 2499 norum
478 2463 663 2499 librorum
694 2473 742 2499 ex
771 2464 991 2499 recentiore
1022 2473 1120 2499 aevo
1159 2463 1434 2510 cognitionem.
1494 2463 1587 2500 Noti
1626 2465 1718 2498 sunt

303 2519 538 2566 Bergeriani
575 2519 665 2554 libri
701 2519 750 2554 de
789 2519 931 2555 Latina
968 2519 1226 2565 Eloquentia,
1266 2529 1353 2554 cum
1392 2519 1599 2555 Orationes
1638 2520 1717 2553 tum

235 2576 290 2614 15
305 2576 533 2621 Praecepta.
592 2575 768 2623 Insignis
800 2575 903 2611 inest
934 2576 1103 2622 probitas
1144 2574 1408 2621 castitasque,
1443 2584 1530 2611 cum
1569 2574 1716 2610 verbo-

308 2750 338 2790 ‘j
362 2751 416 2784 cf.
442 2752 521 2784 adn.
547 2752 590 2783 ad
617 2759 696 2792 pag.
719 2752 795 2784 262.
825 2752 877 2784 ed.
907 2760 957 2792 pr.
1006 2753 1078 2784 Fu.
