1833 3237
643 192 917 235 ..33—

84 307 249 344 naturali
277 305 440 353 quadam
471 307 615 355 agendi
645 318 692 344 ac
720 305 1001 354 pronunciandi
1039 305 1219 343 efficacia
1248 306 1486 354 expeditum,

84 364 216 409 facile,
246 363 416 411 planum,
449 364 692 401 redderetur:
723 364 843 399 verba
873 362 1060 398 inusitata
1091 366 1128 398 et
1159 363 1337 409 poeticae
1366 362 1488 399 dieti-

83 429 177 455 ones
207 420 281 455 iam
314 419 503 456 decebant
534 423 572 456 et
601 421 789 456 ornabant
820 429 970 465 prosam
1002 419 1226 457 orationem.
1300 420 1344 456 In
1376 419 1487 456 vultu

84 478 123 511 et
162 476 285 511 oculis
316 486 362 511 ea
401 480 484 511 erat
523 477 715 512 severitas
746 487 791 511 ac
830 475 1046 521 sapientiae
1087 475 1344 523 significatio,
1387 484 1486 522 quae

85 532 305 567 audientem
337 533 628 577 exspectatione
659 533 850 580 erigeret:
893 542 969 567 vox
995 532 1152 578 gravis,
1192 542 1352 583 sonora,
1404 531 1579 568 rna-139

83 588 336 636 gnifieenitae
367 589 502 634 plena,
544 598 592 624 ex
627 590 760 624 intimo
791 588 902 633 quasi
933 587 1104 633 pectoris
1145 588 1251 623 sonte
1291 589 1489 634 depromta

84 645 265 680 volvebat
296 644 482 680 orationis
513 646 652 680 flumen
685 645 862 680 crebrum
907 654 993 679 cum
1023 644 1112 679 altis
1142 644 1260 680 animi
1292 645 1488 692 sensibus,

84 704 164 736 tum
196 701 473 736 sententiarum
510 704 548 736 et
579 702 787 737 luminibus
820 705 858 736 et
892 700 1153 748 acuminibus,
1183 703 1226 735 ut
1269 711 1362 736 vere
1393 700 1488 736 illud

83 756 250 804 diceres,
282 757 423 793 Ferret
445 758 736 804 immensusque
765 758 848 793 ruit
875 755 1080 803 profundo
1100 757 1301 792 Pindarus
1331 766 1422 792 ore:
1446 753 1488 804 ²⁸²)

84 816 122 848 et
161 824 246 848 cum
286 823 356 859 per
395 817 512 848 totam
555 815 767 849 orationem
808 813 1013 849 audientes
1054 817 1222 848 attentos
1266 817 1384 848 etex
1424 823 1490 849 ore

86 868 212 915 ipsius
243 878 456 914 suspensos
487 872 659 915 teneret,
701 873 778 904 tum
811 879 877 904 eos
908 869 1019 914 quasi
1050 872 1238 904 tormento
1270 869 1491 905 sententiae

83 924 250 960 subinde
291 924 541 969 percellebat.
610 925 773 960 Memini
817 935 876 960 me
916 924 1121 970 aliquando
1162 934 1248 960 eum
1297 925 1490 960 dicentem

81 981 138 1017 ita
156 980 305 1027 audire,
325 985 379 1028 ut,
402 990 487 1016 cum
506 982 683 1016 auferrer
701 982 882 1017 continuo
901 981 1090 1016 orationis
1109 980 1279 1027 flumine,
1302 980 1351 1015 ad
1367 981 1492 1016 Euri-

83 1036 235 1084 pideam
249 1034 307 1083 ⁴¹⁴¹)
339 1037 440 1071 illam
464 1038 717 1081 sententiam,
755 1047 866 1083 quarn
890 1037 1046 1088 Latine,
1079 1047 1150 1072 nec
1189 1037 1384 1073 nominato
1413 1047 1490 1072 au-

84 1096 191 1128 ctore
221 1093 514 1141 pronunciabat,
548 1094 658 1129 Deus
680 1095 800 1130 tacito
823 1095 1045 1140 inyrediens
1072 1094 1246 1140 vestiqio,
1275 1094 1492 1129 secundum

85 1150 277 1185 iustitiam
307 1159 371 1194 res
400 1153 545 1185 tractat
573 1151 792 1185 humanas:
833 1150 907 1185 hoc
937 1150 1061 1197 igitur
1090 1149 1244 1185 memini
1274 1150 1320 1185 ab
1353 1159 1399 1185 eo
1443 1160 1492 1185 e-

83 1204 251 1241 iusmodi
291 1206 455 1250 affectu,
487 1215 532 1241 eo
572 1207 769 1242 oculorum
810 1206 920 1251 quasi
960 1205 1097 1241 ardore
1134 1205 1405 1250 pronunciari,
1450 1208 1493 1241 ut

84 1261 207 1297 veluti
227 1272 248 1296 a
272 1262 353 1297 Deo
385 1261 543 1296 missum
576 1265 701 1297 vatem
733 1265 772 1297 et
800 1262 936 1297 audire
967 1261 1059 1296 mihi
1090 1263 1129 1297 et
1157 1260 1294 1296 videre
1326 1261 1493 1309 viderer,

85 1319 137 1365 et,
169 1316 270 1363 quod
300 1316 400 1363 apud
429 1319 584 1353 Poetam
608 1317 763 1366 dicitur,
791 1319 943 1364 yelidus
971 1317 1067 1353 milti
1094 1326 1169 1363 per
1198 1327 1287 1353 ossa
1317 1320 1495 1355 curreret

85 1377 246 1411 tremor.
276 1370 351 1421 ***)
409 1374 486 1410 Sed
519 1375 691 1410 eamdem
722 1375 932 1410 orationem
974 1374 1143 1421 legereS,
1176 1373 1227 1409 nil
1259 1373 1333 1408 iam
1365 1374 1493 1410 senti-

85 1439 173 1478 res,
222 1426 415 1476 frigeres:
463 1441 647 1466 sensuum
696 1430 1054 1476 sententiarumque
1106 1429 1182 1465 vim
1231 1424 1495 1466 labefactabat

83 1485 266 1522 dictionis
285 1487 655 1533 compositionisque
673 1498 758 1523 eum
778 1486 1025 1534 negligentia
1043 1490 1122 1522 tum
1147 1485 1375 1523 difficultas.
1403 1486 1493 1534 lgi-

82 1545 145 1578 tur
164 1542 425 1579 Ruhnkenius
455 1543 595 1591 lectus,
631 1544 921 1580 Valckenarius
952 1543 1123 1588 auditne,
1154 1542 1282 1590 magis
1305 1542 1495 1588 placebat.

199 1599 403 1635 Caeterum
443 1599 481 1634 in
513 1599 737 1644 quotidiana
773 1599 878 1634 vitae
909 1598 1190 1634 consuetudine
1231 1608 1345 1643 quum
1377 1601 1493 1634 uter-

88 1664 164 1700 que
193 1665 290 1690 suus
322 1665 393 1690 nec
423 1655 574 1690 alienus
605 1659 732 1703 esset,
766 1655 817 1690 nil
849 1655 1107 1690 affectationis
1139 1654 1322 1701 haberet,
1354 1665 1493 1701 moreS,

83 1711 305 1757 incessum,
335 1714 514 1759 gestum,
554 1713 591 1746 et
621 1713 774 1747 omnino
806 1714 1008 1747 externum
1048 1709 1218 1746 habitum
1258 1710 1305 1744 ad
1348 1710 1494 1746 nullius

85 1766 335 1814 cuiusquam,
387 1777 498 1812 quem
536 1767 677 1802 imitari
727 1767 896 1814 vellent,
944 1766 1159 1811 exemplum
1207 1770 1492 1813 componerent,
1513 1776 1590 1813 140

85 1823 153 1858 sed
196 1827 357 1858 naturae
396 1823 494 1869 ipsi·
514 1833 608 1858 suae
647 1823 978 1868 obsequerentur3
1022 1822 1078 1858 ita
1118 1821 1310 1857 hominum
1353 1825 1494 1874 tamen,

85 1879 151 1925 qui
180 1889 248 1916 eos
280 1884 354 1915 non
385 1879 550 1915 interius
582 1882 801 1927 noscerent,
832 1879 988 1914 diversa
1017 1881 1127 1913 erant
1158 1878 1206 1913 de
1233 1882 1397 1924 utroque
1426 1879 1493 1915 iu-

86 1935 202 1972 dicia.
260 1937 305 1972 In
336 1935 627 1981 Valckenario,
658 1938 700 1969 ut
732 1937 816 1969 fere
845 1935 883 1969 in
917 1934 1213 1969 Hemsterhusio
1245 1938 1282 1969 et
1313 1936 1493 1980 Ernesto,

85 1995 225 2028 natura
255 1992 382 2028 omnia
411 1992 456 2026 ad
486 1991 721 2038 gravitatem
753 1991 938 2035 finxerat3
974 1994 1016 2025 ut
1046 1990 1120 2024 iam
1150 1990 1188 2025 in
1215 1990 1359 2027 iuvene
1389 1996 1495 2027 esset

85 2049 222 2084 senilis
265 2049 406 2084 forma:
447 2047 486 2082 in
518 2046 753 2083 Ruhnkenio
784 2050 936 2093 eontra,
978 2045 1025 2080 ad
1058 2056 1295 2082 communem
1336 2058 1494 2084 sensum

89 2114 136 2139 ac
165 2103 417 2150 facilitatem3
450 2106 512 2149 ut,
545 2103 643 2149 quod
675 2103 851 2148 volebat,
891 2112 992 2138 unus
1024 2112 1045 2137 e
1075 2102 1206 2138 multis
1232 2100 1292 2152 ᾧ)
1333 2103 1492 2139 videre-

90 2162 174 2208 tur,
223 2162 262 2196 et
302 2159 429 2196 adhue
465 2160 505 2196 in
547 2169 642 2195 sene
680 2159 866 2195 iuvenilis
908 2161 1081 2194 exstaret
1121 2158 1290 2204 species.
1357 2160 1494 2205 Itaque

86 2284 118 2320 ⁶)
142 2282 267 2313 Horat.
292 2281 410 2313 Car-m.
445 2281 506 2321 IV,
530 2282 562 2321 2,
588 2282 621 2312 8.

86 2324 132 2364 “J
156 2327 195 2358 ln
221 2326 417 2358 Troadibus
439 2327 521 2358 886.
544 2325 759 2357 celebratam
785 2332 805 2355 a
830 2326 1000 2363 posteris.

175 2370 272 2411 Ζεὺς,
296 2370 352 2402 εἴτ’
379 2370 508 2412 ἀνάγκη
533 2370 671 2408 φύσεος,
705 2370 771 2401 εἴτε
795 2371 874 2405 νοῦς
896 2370 1036 2413 βροτων,

173 2414 432 2468 Προσηυξοὶμην
455 2425 512 2447 σε·
534 2414 651 2447 πάντα
673 2413 751 2459 γὰρ,
777 2412 818 2446 δι’
844 2413 983 2451 ἀψόφου

173 2461 310 2493 Baiarum
333 2460 514 2501 κελεύθου,
539 2459 625 2492 κατὰ
648 2459 741 2502 δίκην
765 2458 811 2490 τὰ
835 2458 933 2502 θνηῑ’
960 2457 1064 2500 ἄγεις.

91 2515 144 2554 m)
169 2519 268 2559 Virg.
295 2519 384 2549 Aen.
410 2516 555 2558 11‚120.

536 2562 744 2604 yelidusque
767 2568 836 2602 per
860 2561 931 2592 ima
958 2562 1132 2594 cucurrit

180 2606 272 2639 Ossa
295 2608 447 2639 tremor.

88 2660 134 2704 †)
156 2660 210 2692 Cf.
232 2662 326 2693 infra
350 2671 428 2704 pag.
460 2664 540 2693 264.
567 2663 620 2693 ed.
644 2671 695 2702 pr.
728 2662 850 2692 Horat.
877 2663 949 2691 Sat.
973 2661 1000 2699 Ι,
1026 2662 1058 2701 9,
1088 2660 1142 2693 ’71-
1168 2671 1263 2695 tenus
1287 2665 1494 2697 multorum.

133 2707 190 2737 ubi
215 2707 260 2737 cf.
293 2708 558 2739 NVues-temann.
607 2711 691 2739 Stat.
725 2708 811 2737 Silv.
849 2707 908 2737 lib.
935 2707 977 2737 V.
1027 2707 1134 2746 praef.
1184 2717 1278 2740 unus
1302 2718 1349 2741 eut
1372 2710 1495 2741 turbu.

130 2751 191 2783 Gr·
240 2746 286 2787 εἷς
308 2753 373 2784 τῶν
395 2753 541 2785 πολλῶν.
591 2755 733 2784 Lucian.
759 2754 876 2783 somn.
925 2752 958 2782 9.
1005 2753 1071 2780 τῶν
1094 2751 1128 2784 ἐκ
1152 2754 1214 2784 τοῦ
1237 2754 1365 2786 πολλοῦ
1389 2753 1496 2794 δήμου

128 2790 188 2832 εἷς.
233 2796 306 2828 FR.

1177 2843 1230 2878 60
