1816 3233
856 204 929 221 2—
994 180 1074 220 150
1133 204 1186 209 —

329 300 427 335 bene
457 296 654 345 gerendae
695 294 841 329 aditum
880 296 1141 339 patefaceret:
1181 304 1253 330 nec
1292 295 1416 330 solum
1453 296 1491 330 in
1533 305 1600 341 eo,
1639 296 1738 340 quod

330 354 455 400 ipsius
487 350 682 397 proprium
718 352 799 384 erat
828 359 977 397 genus,
1019 353 1061 385 ut
1091 351 1310 385 Literarum
1341 351 1507 386 scientia
1537 351 1737 387 doctrina-

329 420 402 454 que
433 408 543 451 alios,
576 409 615 441 et
645 406 854 453 discentes,
886 409 924 441 et
954 406 1194 452 scribentes,
1236 406 1409 440 iuvaret:
1441 407 1511 441 sed
1542 410 1579 442 et
1609 408 1647 442 in
1679 417 1738 451 ee,

332 464 429 509 quod
463 463 589 497 minus
628 472 712 497 cum
744 462 869 507 ipsius
907 462 1049 496 studiis
1087 467 1172 497 erat
1212 461 1484 509 coniunctum,
1527 467 1569 498 ut
1604 463 1739 498 amicis

328 521 366 554 in
418 527 658 563 quocumque
706 518 810 552 vitae
858 517 1017 565 negotio
1062 517 1291 552 industriam
1348 520 1579 562 operamque
1632 528 1740 553 suam

232 573 310 608 252
330 576 565 618 praestaret:
598 576 713 619 atque
743 574 853 620 aden,
884 573 922 608 in
956 584 1029 618 quo
1060 574 1215 608 minime
1245 573 1330 618 ipse
1361 574 1529 620 valebat,
1561 575 1603 607 ut
1636 574 1740 609 alio-

330 641 410 664 rum
451 629 614 675 inopiam
666 629 832 674 pecunia
872 629 1116 664 sublevaret:
1168 639 1286 674 saepe
1334 629 1453 671 adeo,
1496 633 1537 663 ut
1579 627 1741 664 divitum

328 686 460 730 copias
492 687 696 721 amicorum
729 696 749 719 e
780 695 852 720 sua
880 685 967 730 ipse
1007 685 1138 730 inopia
1178 688 1353 731 augeret.
1410 684 1578 725 Quorum
1618 685 1742 720 bene-

329 742 501 777 ficiorum
543 741 670 788 gratia
713 741 768 775 illi
802 751 824 774 a
855 740 1104 785 paucissimis
1136 751 1176 776 re
1209 744 1247 775 et
1278 741 1381 775 facto
1413 741 1676 775 referebatur:
1707 739 1742 774 si

329 798 541 833 animo-ct
597 796 867 831 recordatione
917 796 1149 846 haberetur,
1190 799 1397 831 contentus
1437 800 1532 832 erat.
1604 797 1741 831 Patres

330 854 462 897 multi,
504 857 542 888 et
581 853 675 887 clari
715 856 753 887 et
783 852 951 896 divites,
990 853 1091 887 filios
1132 853 1181 888 ita
1214 852 1261 886 ad
1294 862 1378 887 eum
1411 849 1671 902 deducebant,
1699 854 1743 886 ut

330 919 462 944 eorum
494 909 612 943 vitam
644 909 852 953 studiaque
882 908 1047 944 consilio
1079 910 1117 943 et
1147 908 1379 943 auctoritate
1417 912 1592 954 regeret,
1635 917 1743 942 sem-

331 966 501 1011 piternas
533 965 569 999 ei
609 965 761 1012 gratias
803 964 919 999 huius
961 964 1115 999 benficii
1135 974 1276 999 caussa
1299 964 1498 999 habituros
1525 964 1742 998 relaturos-

330 1032 404 1065 que
435 1031 491 1066 se,
526 1021 766 1065 pollicentes.
828 1018 1088 1055 Rulinkenius
1120 1021 1192 1054 boc
1223 1020 1272 1054 iis
1304 1022 1343 1053 et
1363 1020 1591 1066 recipiebat,
1623 1023 1662 1054 et
1692 1021 1742 1054 fi-

329 1077 467 1111 deliter
508 1077 750 1120 praestabat:
791 1076 892 1110 filios
928 1076 975 1125 ad
1016 1075 1141 1120 ipsum
1168 1074 1431 1109 ‘ventitantes
1472 1075 1573 1109 omni
1615 1075 1744 1109 officio

330 1137 368 1167 et
408 1131 648 1167 humanitate
693 1131 936 1176 excipiebat,
987 1131 1254 1166 saluberrimis
1302 1131 1520 1176 praeceptis
1562 1131 1745 1165 monitis-

330 1198 403 1233 que
445 1189 636 1233 augebat:
679 1187 919 1222 consuetudo
971 1187 1030 1221 bis
1079 1187 1195 1221 valde
1239 1187 1440 1231 placebat,
1491 1189 1527 1220 et
1569 1187 1744 1231 patribus

332 1244 428 1279 mire
459 1244 752 1278 satisfaciebat:
784 1243 870 1289 sed,
903 1243 1017 1277 ecce!
1048 1244 1086 1278 in
1120 1243 1353 1278 oblivionem
1385 1243 1535 1286 abibat,
1568 1242 1744 1277 decursis

331 1299 571 1336 Academiae
607 1300 772 1346 studiis,
816 1300 986 1344 urbeque
1026 1299 1174 1335 relicta.
1235 1300 1316 1334 Hos
1354 1298 1446 1333 item
1479 1298 1743 1333 oblivisceba—

330 1361 415 1407 tur,
455 1356 580 1400 quoad
611 1365 660 1390 ex
687 1355 812 1390 oculis
843 1356 1036 1391 abessent.
1099 1355 1153 1389 At
1182 1354 1347 1389 subinde
1375 1355 1515 1400 fiebat,
1555 1357 1597 1390 ut
1625 1354 1742 1389 iidem

331 1412 397 1446 isti
436 1411 537 1446 sorte
575 1411 650 1445 alio
690 1414 860 1456 tempore
901 1411 1076 1446 eumdem
1120 1413 1158 1446 in
1198 1410 1343 1455 locum,
1392 1410 1459 1445 ubi
1493 1411 1580 1455 ipse
1620 1412 1743 1455 esset,

331 1467 582 1512 eumdemque
619 1466 659 1502 in
691 1467 880 1502 circulum
914 1467 1113 1512 venirent,
1145 1470 1313 1501 veterem
1348 1466 1521 1501 notitiam
1549 1465 1742 1500 dissimu-

330 1523 469 1557 lantes,
526 1523 622 1558 Tum
662 1533 753 1558 vero
783 1523 1057 1561 Ruhnkenius,
1088 1532 1162 1566 quo
1193 1526 1276 1557 erat
1307 1524 1343 1556 et
1375 1521 1527 1556 honesti
1558 1531 1677 1556 sensu
1709 1523 1747 1555 et

330 1578 521 1625 candore,
560 1578 760 1614 continere
800 1589 843 1613 se
884 1588 956 1613 non
1001 1581 1162 1623 poterat,
1202 1581 1242 1613 ut
1286 1581 1428 1612 tantam
1468 1577 1744 1623 impudentiam

331 1634 474 1669 tacitus
514 1635 652 1670 ferret:
701 1635 878 1669 salutans
919 1643 986 1668 cos
1027 1634 1283 1679 compellabat
1332 1633 1551 1669 humaniter
1590 1633 1742 1679 quidem

332 1689 461 1725 verbis
504 1700 551 1725 ac
583 1690 738 1737 specie,
783 1690 849 1724 sed
882 1699 929 1724 ea
960 1700 1044 1724 eum
1077 1690 1365 1737 significatione
1396 1689 1678 1735 despicientiae
1708 1693 1747 1724 et

331 1746 640 1793 indignationis,
689 1755 787 1790 quae
833 1745 944 1789 istis,
991 1747 1168 1790 quamvis
1207 1746 1518 1791 impudentibus,
1562 1745 1744 1791 pudorem

328 1801 583 1845 ruboremque
631 1801 821 1835 iniiceret.
888 1802 986 1836 Nam
1027 1804 1161 1847 gratos
1209 1801 1323 1835 etiam
1373 1811 1440 1835 eos
1481 1801 1744 1844 existimabat,

230 1864 310 1899 253
331 1857 395 1902 qui
425 1856 605 1903 gratiam,
636 1855 729 1891 licet
762 1858 919 1901 possent
959 1858 1130 1902 reterre,
1165 1865 1238 1891 non
1271 1857 1476 1903 referrent,
1520 1856 1629 1892 modo
1661 1866 1743 1891 eam

328 1912 454 1947 animo
515 1913 703 1946 haberent
759 1916 797 1946 et
845 1912 1020 1947 beneficii
1071 1912 1252 1958 memoria
1307 1912 1491 1946 colerent.
1568 1913 1747 1948 Habebat

330 1967 490 2013 amicos,
522 1970 563 2001 ut
595 1967 746 2012 quidem
779 1967 893 2002 amici
924 1968 1047 2014 vulgo
1079 1963 1345 2010 nominantur,
1390 1968 1530 2002 multos
1560 1970 1599 2003 et
1631 1967 1746 2003 nobi-

331 2024 389 2058 les
429 2026 468 2058 et
505 2022 669 2068 divites,
713 2023 940 2068 quibuscum
982 2034 1067 2058 eum
1101 2033 1174 2059 non
1207 2023 1303 2058 adeo
1345 2022 1592 2074 Literarum,
1631 2033 1744 2068 quam

331 2079 573 2124 venationis,
613 2079 906 2123 rusticationis,
948 2079 1142 2125 musices,
1172 2080 1386 2114 aliarumve
1417 2089 1542 2115 rerum
1574 2079 1744 2115 studium

330 2136 533 2181 iungeret:
574 2136 621 2170 ab
664 2135 725 2170 his
764 2135 934 2170 debitum
976 2145 1043 2179 pro
1086 2135 1250 2170 tiliorum
1300 2133 1448 2171 scholis
1487 2136 1747 2179 honorarium,

333 2191 507 2236 quamvis
549 2191 778 2238 urgentibus
819 2201 865 2225 ac
913 2191 1183 2237 flagitantibus
1225 2195 1268 2226 ut
1308 2191 1528 2241 acciperet,
1568 2192 1747 2236 accipere

335 2247 511 2283 nolebat:
544 2247 676 2291 itaque
707 2246 745 2281 hi
785 2257 829 2281 se
867 2247 975 2292 ipsos
1015 2247 1146 2282 debito
1175 2246 1383 2291 officioque
1415 2247 1620 2282 defunctos
1650 2256 1748 2281 cen-

334 2305 481 2348 sentes,
513 2302 566 2337 nil
598 2303 645 2337 de
676 2303 752 2337 alio
784 2303 956 2338 muneris
988 2312 1133 2349 genere
1164 2303 1407 2350 cogitabant:
1439 2312 1511 2337 nec
1539 2302 1625 2347 ipse
1656 2302 1744 2347 quid

333 2358 597 2403 exspectabat.
659 2359 716 2393 De
747 2358 822 2393 illis
853 2358 942 2404 quid
973 2353 1219 2394 statuendum
1251 2360 1323 2402 sit,
1357 2358 1422 2392 alii
1450 2357 1632 2393 iudicent.
1689 2359 1746 2393 De

333 2413 568 2448 Ruimkenio
600 2423 708 2448 nemo
739 2414 852 2449 aliter
882 2415 1083 2458 iudicabit,
1125 2415 1199 2449 nisi
1241 2414 1406 2449 animum
1449 2414 1485 2449 ei
1527 2413 1673 2459 fuisse,
1705 2413 1744 2448 in

333 2469 390 2504 rei
421 2468 624 2504 familiaris
656 2470 949 2513 mediocritate,
983 2471 1097 2506 nimis
1129 2472 1298 2505 fortasse
1327 2479 1577 2517 generosum,
1606 2472 1644 2504 at
1667 2479 1743 2516 ge-

332 2534 507 2560 nerosum
540 2529 679 2561 tamen.

445 2581 580 2626 Neque
621 2581 720 2616 enim
763 2592 923 2627 aequam
965 2581 1202 2629 dignamque
1246 2582 1329 2616 suis
1364 2581 1574 2616 virtutibus
1609 2581 1742 2616 babuit

332 2636 521 2671 fortunam
574 2637 612 2673 in
654 2638 870 2672 tribuendis
923 2638 1027 2673 vitae
1078 2637 1194 2672 facile
1246 2637 1483 2684 largiterque
1534 2637 1743 2683 degendae

334 2691 469 2737 copiis.
538 2693 726 2735 Quamdiu
760 2694 834 2728 suit
865 2694 1043 2738 caelebs,
1083 2694 1180 2729 satis
1216 2696 1319 2738 erat,
1361 2692 1463 2727 unde
1505 2703 1577 2728 non
1619 2693 1742 2730 solum

331 2747 548 2795 eoinmode,
590 2748 656 2783 sed
697 2753 735 2783 et
767 2749 884 2794 laute,
916 2750 1080 2793 viveret,
1113 2748 1272 2796 genium
1303 2749 1497 2796 placaret,
1529 2753 1568 2784 et
1598 2748 1743 2794 aliquid
