1833 3237
839 225 1169 263 „22-

294 342 500 380 iuvenem!
544 350 619 377 nou
648 336 788 385 puduit
818 340 893 374 tam
924 337 1078 374 doctum
1104 323 1194 374 cuin
1223 336 1530 375 adolescentulis
1568 333 1716 376 tironi-

295 400 372 436 bus
414 409 461 434 ac
501 405 625 443 paene
663 394 798 441 pueris
839 393 1151 440 condiscipulum
1180 393 1220 429 in
1259 394 1551 431 Hemsterhusii
1581 394 1721 431 schola

296 454 459 492 sedere:
491 453 621 498 immo,
649 450 717 497 qui
746 450 923 487 Socratis
952 449 1030 486 sibi
1067 448 1338 496 proposuisset
1368 453 1644 499 praeceptum,
1674 460 1722 486 se

297 511 426 557 ipsum
457 504 655 559 nosset,*)
683 506 899 545 ac..doctus
925 505 1054 554 magis
1073 515 1163 541 esse
1182 515 1294 552 quam
1314 505 1440 542 videri
1459 506 1649 553 studeret,
1659 501 1724 554 *Ἴ

298 563 506 602 constituit
548 562 669 600 veluti
709 563 874 612 ignarus
916 562 1084 598 omnium
1115 571 1245 597 rerum
1277 564 1316 597 et
1353 561 1485 609 rudis,
1525 565 1722 609 tamquam

298 631 425 658 novus
454 630 502 656 ac
531 630 685 666 recenS‚
716 623 909 664 tamquam
940 618 1067 654 denuo
1098 620 1229 666 natus,
1261 627 1400 653 novam
1430 617 1552 653 vitam
1583 617 1719 666 ordiri,

296 676 515 718 studiorum
545 676 649 712 viam
679 685 817 711 rursus
846 674 1019 723 ingredi,
1051 674 1138 710 eius
1169 673 1324 710 initium
1342 684 1366 709 a
1387 673 1552 710 Graecis
1573 672 1720 710 biteris

296 732 462 778 ducere,
498 741 708 778 earumque
737 730 950 777 scientiae,
983 730 1095 776 quasi
1124 729 1402 778 fundamento,
1434 733 1572 776 postea
1603 729 1721 771 Lati-„-

295 799 434 825 narum
466 788 686 825 Literarum
716 797 764 822 ac
793 785 981 832 deinceps
1012 785 1176 824 aliarum
1208 784 1473 821 doctrinarum
1513 785 1722 821 tractatio-

294 855 381 880 nem
412 847 699 891 superstruere.
755 843 817 878 Ita
858 841 960 877 enim
991 844 1031 877 et
1073 841 1160 886 ipse
1189 839 1413 889 iudicabat,
1445 843 1484 876 ct
1512 842 1723 878 Hemster-

292 899 449 938 husium
488 899 728 936 iudicantem
768 896 976 945 audiebat,
1010 899 1305 943 praeposterum
1337 906 1429 933 esse
1458 896 1623 942 puerilis
1653 896 1722 933 in-

293 955 514 994 stitutionis
544 953 731 1001 ordinem,
762 962 837 999 quo
867 953 1032 999 primum
1063 952 1230 999 Latinis,
1259 951 1401 988 deinde
1432 952 1610 1000 Graecis,
1641 950 1721 988 im-

293 1011 449 1048 buimur
479 1006 742 1057 Literis;***)
774 1009 894 1056 igitur
925 1019 993 1044 eos
1024 1008 1090 1054 qui
1121 1008 1240 1045 semel
1264 1012 1368 1044 hunc
1392 1018 1563 1045 errorem
1584 1018 1721 1044 erras-

293 1070 396 1114 sent,
428 1069 466 1102 et
496 1069 625 1101 tamen
655 1065 703 1100 ad
737 1065 954 1100 Literarum
986 1064 1245 1110 principatum
1265 1063 1563 1113 contenderent,
1593 1064 1722 1100 denuo

291 1122 417 1158 veluti
455 1132 597 1167 pueros
638 1120 783 1159 debere
822 1120 931 1166 fieri,
972 1119 1137 1166 puerilis
1177 1119 1442 1155 institutionis
1470 1119 1587 1156 aliam
1617 1120 1722 1156 viam

291 1177 470 1227 ingredi,
501 1188 525 1212 a
555 1176 717 1214 Graecis
747 1176 796 1212 ad
827 1176 990 1212 Latinas
1021 1175 1176 1212 Literas
1215 1175 1415 1224 progredi.
1476 1177 1588 1212 Hanc
1617 1175 1721 1212 viam

291 1233 519 1281 ingressus,
552 1233 778 1278 bipertitum
808 1232 886 1268 sibi
915 1232 1131 1268 studiorum
1163 1242 1324 1278 pensum
1355 1231 1582 1268 constituit:
1614 1232 1720 1268 alte·

291 1299 400 1339 rum,
430 1294 473 1327 ut
513 1289 687 1335 quotidie
718 1288 1057 1325 Hemsterhusium
1096 1287 1136 1324 in
1166 1287 1302 1323 schola
1332 1289 1507 1325 Graecos
1537 1287 1722 1335 Scripto-

292 1355 372 1395 reS,
403 1356 451 1381 ea
481 1356 555 1392 qua
587 1345 779 1390 diximus,
809 1345 945 1381 critica
974 1343 1308 1393 grammaticaque
1337 1344 1491 1381 ratione
1520 1344 1721 1392 interpre-

225 1400 282 1438 33
297 1404 443 1439 tantem
474 1402 650 1438 audiret:
680 1401 870 1448 alterum,
910 1403 952 1437 ut
981 1401 1068 1447 ipse
1098 1400 1199 1436 domi
1232 1402 1407 1437 Graecos
1433 1411 1573 1451 *omnes
1604 1400 1721 1437 dein-

292 1469 387 1506 ceps
417 1459 570 1506 legeret
599 1453 956 1504 Scriptores‚****)
996 1459 1036 1493 et
1065 1458 1228 1503 primum
1260 1457 1412 1504 quidem
1446 1459 1609 1506 poetas,
1639 1456 1723 1493 ini-

291 1515 389 1553 tium
420 1515 570 1551 ducens
600 1525 623 1550 a
652 1514 830 1560 principe
861 1516 904 1550 ut
925 1513 1098 1561 ingenio,
1130 1513 1184 1549 ita
1204 1516 1346 1561 aetate,
1367 1515 1550 1562 Homero,
1582 1523 1724 1560 quam-

292 1582 405 1617 quam
436 1574 551 1608 antea
579 1571 697 1618 lecto,
729 1581 833 1606 nunc
860 1570 1087 1606 melioribus
1116 1569 1306 1616 auspiciis
1335 1580 1382 1606 ac
1410 1571 1485 1606 rite
1503 1569 1723 1618 tractando,

293 1627 463 1673 indeque
494 1628 543 1662 ad
574 1626 792 1672 proximum
823 1636 1015 1672 quemque
1045 1629 1176 1662 aetate
1207 1629 1245 1661 et
1275 1628 1507 1673 argumento
1547 1627 1723 1673 Poetam,

295 1694 423 1730 usque
454 1683 501 1718 ad
534 1686 781 1729 postremum,
812 1681 1095 1730 progrediens3
1128 1692 1175 1717 ne
1207 1681 1348 1717 Nonno
1379 1682 1554 1730 quidem,
1584 1681 1722 1718 Silen-

295 1739 436 1789 tiario,
468 1742 507 1774 et
537 1738 744 1784 postremis
776 1738 1108 1786 Byzantinorum,
1151 1737 1369 1785 neglectis,
1411 1738 1523 1774 modo
1553 1737 1723 1785 aliquam

299 1804 387 1831 cum
420 1793 570 1831 veteris
601 1793 803 1828 doctrinae
834 1794 1035 1840 elegantia
1066 1793 1377 1829 coniunctionem
1410 1794 1613 1830 haberent.
1670 1795 1723 1831 Et

294 1859 345 1886 ne
374 1849 546 1885 studium
584 1849 631 1884 ad
663 1849 769 1884 solos
800 1849 941 1885 Poetas
981 1848 1307 1897 adhaeresceret,
1356 1859 1455 1886 neve
1499 1849 1722 1897 aliquando,

295 1905 396 1952 quod
428 1905 561 1941 multis
603 1904 768 1953 accidit,
809 1905 856 1940 ad
900 1915 1041 1951 prosae
1080 1905 1270 1941 orationis
1310 1905 1531 1952 Scriptores
1568 1905 1722 1942 traduci

293 1961 497 2008 nequiret,
538 1960 800 2006 Herodotum,
841 1961 1138 2006 Thucydidem,
1180 1961 1399 2008 Platonem,
1439 1965 1478 1998 et
1508 1962 1547 1998 in
1586 1961 1721 2008 primis

292 2017 606 2064 Xenophontem,
636 2016 772 2052 eadem
803 2027 878 2062 qua
909 2019 1049 2052 Poetas
1078 2027 1187 2065 cura,
1219 2017 1352 2052 eodem
1383 2021 1570 2066 tempore,
1601 2018 1721 2066 lege—

292 2073 382 2109 bat:
414 2076 453 2109 et
483 2083 531 2108 ne
561 2083 584 2107 a
614 2072 767 2108 Latinis
800 2072 945 2108 biteris
986 2073 1261 2120 desuesceret,
1303 2074 1542 2110 Graecorum
1572 2075 1721 2111 Poeta-

292 2138 379 2164 rum
408 2128 570 2164 lectioni
600 2128 827 2163 Latinorum
858 2127 1065 2163 lectionem
1104 2131 1310 2169 Poetarum
1341 2130 1602 2178 adiungebat:
1645 2130 1721 2166 de-

292 2184 411 2230 nique
441 2194 503 2231 ne,
535 2183 636 2229 quod
666 2183 758 2219 item
791 2183 1056 2229 compluribus
1088 2184 1249 2219 evenire
1280 2186 1394 2232 solet,
1427 2187 1594 2223 Latinae
1624 2196 1720 2222 ora-

293 2238 414 2275 tionis
444 2249 586 2285 prosae
615 2248 775 2274 sensum
805 2239 1110 2286 facultatemque
1140 2240 1312 2276 lectione
1336 2243 1543 2278 Poetarum
1568 2243 1719 2278 restin-

291 2323 325 2365 ‘J
348 2334 402 2367 Cf.
428 2336 461 2365 si
486 2336 603 2375 placet
629 2337 768 2367 Ernest.
794 2336 837 2367 ad
863 2335 1023 2376 Xenoph.
1049 2340 1152 2370 Mem.
1177 2341 1277 2372 socr.
1306 2340 1367 2380 ΠΙ,
1393 2341 1427 2381 7,
1451 2341 1483 2370 9.
1532 2339 1606 2371 FR.

292 2400 338 2439 ”)
362 2402 458 2433 Satis
482 2404 587 2432 notus
612 2406 665 2433 est
691 2403 860 2443 Aeschyli
884 2412 1008 2435 versus
1032 2406 1153 2445 (Sept.
1182 2410 1299 2439 contr.
1324 2408 1433 2439 Theb.
1460 2407 1560 2444 589.)

433 2444 483 2477 Οὐ
507 2444 575 2490 γὰρ
600 2445 708 2477 δοκεῖν
732 2445 882 2491 ἄριστος,
907 2447 978 2480 ἀλλ’
1005 2441 1092 2480 εἶναι
1119 2452 1226 2482 θέλει.

293 2500 438 2531 Sallust.
462 2500 604 2533 Catilin.
631 2501 688 2539 54,
720 2502 753 2532 6.
778 2503 821 2533 de
838 2502 995 2535 Catone:
1025 2514 1100 2538 esse
1124 2514 1233 2547 quam
1248 2507 1367 2540 videri
1399 2505 1517 2538 bonus
1545 2504 1715 2538 nudabat.

341 2544 396 2575 Cf.
420 2545 615 2577 Blomfield.
639 2547 682 2578 ad
708 2548 881 2587 Aeschyli
904 2549 927 2580 l.
954 2556 985 2580 c.
1011 2549 1082 2581 FB.

295 2609 358 2647 ⁸⁸⁸)
383 2611 438 2641 De
461 2612 528 2643 hoc
551 2617 764 2652 argumento
795 2614 866 2644 vid.
899 2618 1066 2647 accurata
1098 2617 1291 2655 disputatio
1323 2617 1529 2656 Niemeyeri
1564 2618 1599 2647 in
1623 2617 1716 2648 libro

338 2657 507 2687 aureolo:
543 2657 782 2691 Grundscitze
814 2658 884 2690 der
918 2659 1131 2702 Erziehtmq
1162 2660 1240 2693 und
1269 2661 1331 2693 des
1369 2662 1520 2693 Unterr.
1552 2661 1646 2692 Part.
1671 2661 1716 2692 ll.

339 2708 420 2740 pag.
442 2700 511 2731 806
533 2717 570 2725 -
598 2702 678 2734 314.
705 2704 760 2734 ed.
785 2704 849 2736 lx.
894 2705 969 2736 FB.

294 2751 366 2791 '·‘')
389 2753 442 2786 Cf.
468 2762 558 2793 quae
588 2757 817 2790 Ruhnkeuius
850 2759 894 2791 de
930 2760 1198 2792 Hemsterhusio
1231 2764 1354 2792 narrat
1386 2761 1487 2801 Elog.
1514 2761 1715 2794 Hemsterh.

341 2806 422 2841 pag.
447 2799 505 2831 28.
530 2800 584 2832 ed.
610 2802 695 2834 Bat:
711 2803 807 2839 (Vol.
834 2804 860 2835 1.
886 2812 965 2845 pag.
991 2804 1070 2836 229.
1097 2804 1154 2836 ed.
1179 2807 1243 2843 m.)
1291 2806 1363 2838 FR.
