<?xml version="1.0" encoding="UTF-8"?>
<!DOCTYPE html PUBLIC "-//W3C//DTD XHTML 1.0 Transitional//EN"
    "http://www.w3.org/TR/xhtml1/DTD/xhtml1-transitional.dtd">
<html xmlns="http://www.w3.org/1999/xhtml" xml:lang="en" lang="en">
 <head>
  <title>
</title>
<meta http-equiv="Content-Type" content="text/html;charset=utf-8" />
  <meta name='ocr-system' content='tesseract 3.04.00' />
  <meta name='ocr-capabilities' content='ocr_page ocr_carea ocr_par ocr_line ocrx_word'/>
</head>
<body>
  <div class='ocr_page' id='page_1' title='image "./vitadavidisruhnk00wyttuoft_0149.png"; bbox 0 0 1816 3233; ppageno 0'>
   <div class='ocr_carea' id='block_1_1' title="bbox 643 209 938 249">
    <p class='ocr_par' dir='ltr' id='par_1_1' title="bbox 643 209 938 249">
     <span class='ocr_line' id='line_1_1' title="bbox 643 209 938 249; baseline -0.01 1"><span class='ocrx_word' id='word_1_1' title='bbox 643 209 938 249; x_wconf 71' lang='lat'><strong>—141-</strong></span> 
     </span>
    </p>
   </div>
   <div class='ocr_carea' id='block_1_2' title="bbox 86 321 1598 2440">
    <p class='ocr_par' dir='ltr' id='par_1_2' title="bbox 86 321 1598 2440">
     <span class='ocr_line' id='line_1_2' title="bbox 90 321 1499 370; baseline -0.008 -6"><span class='ocrx_word' id='word_1_2' title='bbox 90 331 128 364; x_wconf 85' lang='lat' dir='ltr'>to</span> <span class='ocrx_word' id='word_1_3' title='bbox 170 327 264 363; x_wconf 89' lang='lat' dir='ltr'>illud</span> <span class='ocrx_word' id='word_1_4' title='bbox 307 328 345 362; x_wconf 84' lang='lat' dir='ltr'>et</span> <span class='ocrx_word' id='word_1_5' title='bbox 383 328 522 370; x_wconf 80' lang='lat' dir='ltr'>sponte</span> <span class='ocrx_word' id='word_1_6' title='bbox 562 335 751 369; x_wconf 85' lang='lat' dir='ltr'>nascens,</span> <span class='ocrx_word' id='word_1_7' title='bbox 796 324 958 358; x_wconf 82' lang='lat' dir='ltr'>alterum</span> <span class='ocrx_word' id='word_1_8' title='bbox 990 321 1210 365; x_wconf 75' lang='lat' dir='ltr'>doctrinae,</span> <span class='ocrx_word' id='word_1_9' title='bbox 1242 325 1413 366; x_wconf 88' lang='lat' dir='ltr'>tempore</span> <span class='ocrx_word' id='word_1_10' title='bbox 1453 331 1499 354; x_wconf 73' lang='lat' dir='ltr'>ac</span> 
     </span>
     <span class='ocr_line' id='line_1_3' title="bbox 92 376 1497 427; baseline -0.006 -9"><span class='ocrx_word' id='word_1_11' title='bbox 92 384 224 419; x_wconf 88' lang='lat' dir='ltr'>labore</span> <span class='ocrx_word' id='word_1_12' title='bbox 265 382 508 427; x_wconf 80' lang='lat' dir='ltr'>quaesitum,</span> <span class='ocrx_word' id='word_1_13' title='bbox 554 381 713 427; x_wconf 76' lang='lat' dir='ltr'>ingenio</span> <span class='ocrx_word' id='word_1_14' title='bbox 762 380 837 414; x_wconf 78' lang='lat' dir='ltr'>isto</span> <span class='ocrx_word' id='word_1_15' title='bbox 878 388 1002 414; x_wconf 87' lang='lat' dir='ltr'>rerum</span> <span class='ocrx_word' id='word_1_16' title='bbox 1051 378 1157 413; x_wconf 84' lang='lat' dir='ltr'>inani</span> <span class='ocrx_word' id='word_1_17' title='bbox 1204 382 1242 413; x_wconf 88' lang='lat' dir='ltr'>et</span> <span class='ocrx_word' id='word_1_18' title='bbox 1287 377 1419 412; x_wconf 90' lang='lat' dir='ltr'>ieiuno</span> <span class='ocrx_word' id='word_1_19' title='bbox 1461 376 1497 410; x_wconf 92' lang='lat' dir='ltr'>in</span> 
     </span>
     <span class='ocr_line' id='line_1_4' title="bbox 91 435 1499 482; baseline -0.006 -8"><span class='ocrx_word' id='word_1_20' title='bbox 91 438 319 474; x_wconf 88' lang='lat' dir='ltr'>emendandi</span> <span class='ocrx_word' id='word_1_21' title='bbox 361 437 470 482; x_wconf 81' lang='lat' dir='ltr'>quasi</span> <span class='ocrx_word' id='word_1_22' title='bbox 512 438 706 471; x_wconf 86' lang='lat' dir='ltr'>officinam</span> <span class='ocrx_word' id='word_1_23' title='bbox 745 445 789 470; x_wconf 92' lang='lat' dir='ltr'>se</span> <span class='ocrx_word' id='word_1_24' title='bbox 827 435 1084 475; x_wconf 77' lang='lat' dir='ltr'>coniiciebat,</span> <span class='ocrx_word' id='word_1_25' title='bbox 1127 435 1285 478; x_wconf 66' lang='lat' dir='ltr'>integra</span> <span class='ocrx_word' id='word_1_26' title='bbox 1323 442 1499 477; x_wconf 84' lang='lat' dir='ltr'>quaeque</span> 
     </span>
     <span class='ocr_line' id='line_1_5' title="bbox 91 488 1497 540; baseline -0.006 -11"><span class='ocrx_word' id='word_1_27' title='bbox 91 499 130 530; x_wconf 87' lang='lat' dir='ltr'>et</span> <span class='ocrx_word' id='word_1_28' title='bbox 159 504 256 529; x_wconf 87' lang='lat' dir='ltr'>sana</span> <span class='ocrx_word' id='word_1_29' title='bbox 287 494 510 540; x_wconf 79' lang='lat' dir='ltr'>corrigens:</span> <span class='ocrx_word' id='word_1_30' title='bbox 541 491 641 527; x_wconf 81' lang='lat' dir='ltr'>haud</span> <span class='ocrx_word' id='word_1_31' title='bbox 675 492 840 526; x_wconf 80' lang='lat' dir='ltr'>obscure</span> <span class='ocrx_word' id='word_1_32' title='bbox 879 490 1080 536; x_wconf 81' lang='lat' dir='ltr'>ingenium</span> <span class='ocrx_word' id='word_1_33' title='bbox 1119 489 1158 523; x_wconf 91' lang='lat' dir='ltr'>in</span> <span class='ocrx_word' id='word_1_34' title='bbox 1199 489 1377 524; x_wconf 85' lang='lat' dir='ltr'>absentia</span> <span class='ocrx_word' id='word_1_35' title='bbox 1424 488 1497 521; x_wconf 87' lang='lat' dir='ltr'>do-</span> 
     </span>
     <span class='ocr_line' id='line_1_6' title="bbox 92 544 1499 595; baseline -0.005 -11"><span class='ocrx_word' id='word_1_36' title='bbox 92 550 240 584; x_wconf 82' lang='lat' dir='ltr'>ctrinae</span> <span class='ocrx_word' id='word_1_37' title='bbox 260 559 420 595; x_wconf 84' lang='lat' dir='ltr'>ponens,</span> <span class='ocrx_word' id='word_1_38' title='bbox 452 548 629 583; x_wconf 87' lang='lat' dir='ltr'>nimirum</span> <span class='ocrx_word' id='word_1_39' title='bbox 649 547 743 582; x_wconf 87' lang='lat' dir='ltr'>illud</span> <span class='ocrx_word' id='word_1_40' title='bbox 775 546 916 581; x_wconf 81' lang='lat' dir='ltr'>adesse</span> <span class='ocrx_word' id='word_1_41' title='bbox 935 546 1011 581; x_wconf 85' lang='lat' dir='ltr'><strong>sibi</strong></span> <span class='ocrx_word' id='word_1_42' title='bbox 1043 545 1330 590; x_wconf 20' lang='lat' dir='ltr'>putanS,rhanc</span> <span class='ocrx_word' id='word_1_43' title='bbox 1360 544 1499 578; x_wconf 78' lang='lat' dir='ltr'>deesse</span> 
     </span>
     <span class='ocr_line' id='line_1_7' title="bbox 91 601 1499 649; baseline -0.006 -8"><span class='ocrx_word' id='word_1_44' title='bbox 91 605 278 643; x_wconf 79' lang='lat' dir='ltr'>sentiens,</span> <span class='ocrx_word' id='word_1_45' title='bbox 336 605 411 640; x_wconf 90' lang='lat' dir='ltr'>Hic</span> <span class='ocrx_word' id='word_1_46' title='bbox 439 604 592 648; x_wconf 90' lang='lat' dir='ltr'>quidem</span> <span class='ocrx_word' id='word_1_47' title='bbox 625 606 773 648; x_wconf 83' lang='lat' dir='ltr'>postea,</span> <span class='ocrx_word' id='word_1_48' title='bbox 804 612 1025 649; x_wconf 81' lang='lat' dir='ltr'>agnoscens</span> <span class='ocrx_word' id='word_1_49' title='bbox 1056 611 1167 635; x_wconf 88' lang='lat' dir='ltr'>suum</span> <span class='ocrx_word' id='word_1_50' title='bbox 1199 601 1284 645; x_wconf 91' lang='lat' dir='ltr'>ipse</span> <span class='ocrx_word' id='word_1_51' title='bbox 1315 609 1499 639; x_wconf 79' lang='lat' dir='ltr'>errorem,</span> 
     </span>
     <span class='ocr_line' id='line_1_8' title="bbox 89 655 1498 704; baseline -0.005 -9"><span class='ocrx_word' id='word_1_52' title='bbox 89 672 136 696; x_wconf 85' lang='lat' dir='ltr'>ac</span> <span class='ocrx_word' id='word_1_53' title='bbox 176 661 375 697; x_wconf 87' lang='lat' dir='ltr'>doctrinae</span> <span class='ocrx_word' id='word_1_54' title='bbox 414 659 678 704; x_wconf 80' lang='lat' dir='ltr'>adquirendae</span> <span class='ocrx_word' id='word_1_55' title='bbox 720 668 805 695; x_wconf 86' lang='lat' dir='ltr'>cum</span> <span class='ocrx_word' id='word_1_56' title='bbox 847 658 1121 693; x_wconf 76' lang='lat' dir='ltr'>necessitatem</span> <span class='ocrx_word' id='word_1_57' title='bbox 1162 659 1240 691; x_wconf 87' lang='lat' dir='ltr'>tum</span> <span class='ocrx_word' id='word_1_58' title='bbox 1281 655 1498 690; x_wconf 72' lang='lat' dir='ltr'>difficulta-</span> 
     </span>
     <span class='ocr_line' id='line_1_9' title="bbox 92 710 1497 761; baseline -0.006 -9"><span class='ocrx_word' id='word_1_59' title='bbox 92 721 189 761; x_wconf 86' lang='lat' dir='ltr'>tem,</span> <span class='ocrx_word' id='word_1_60' title='bbox 235 726 279 750; x_wconf 90' lang='lat' dir='ltr'>se</span> <span class='ocrx_word' id='word_1_61' title='bbox 310 726 333 750; x_wconf 90' lang='lat' dir='ltr'>a</span> <span class='ocrx_word' id='word_1_62' title='bbox 363 716 580 751; x_wconf 82' lang='lat' dir='ltr'>Literarum</span> <span class='ocrx_word' id='word_1_63' title='bbox 613 714 756 750; x_wconf 84' lang='lat' dir='ltr'>studiis</span> <span class='ocrx_word' id='word_1_64' title='bbox 801 714 847 748; x_wconf 81' lang='lat' dir='ltr'>ad</span> <span class='ocrx_word' id='word_1_65' title='bbox 890 713 993 748; x_wconf 88' lang='lat' dir='ltr'>aliud</span> <span class='ocrx_word' id='word_1_66' title='bbox 1028 713 1132 747; x_wconf 86' lang='lat' dir='ltr'>vitae</span> <span class='ocrx_word' id='word_1_67' title='bbox 1161 721 1289 758; x_wconf 84' lang='lat' dir='ltr'>genus</span> <span class='ocrx_word' id='word_1_68' title='bbox 1321 710 1497 745; x_wconf 74' lang='lat' dir='ltr'>contulit.</span> 
     </span>
     <span class='ocr_line' id='line_1_10' title="bbox 89 766 1499 816; baseline -0.006 -9"><span class='ocrx_word' id='word_1_69' title='bbox 89 772 166 808; x_wconf 86' lang='lat' dir='ltr'>Sed</span> <span class='ocrx_word' id='word_1_70' title='bbox 205 771 487 816; x_wconf 83' lang='lat' dir='ltr'>Ruhnkenius,</span> <span class='ocrx_word' id='word_1_71' title='bbox 537 773 579 805; x_wconf 90' lang='lat' dir='ltr'>ut</span> <span class='ocrx_word' id='word_1_72' title='bbox 618 773 730 805; x_wconf 82' lang='lat' dir='ltr'>acute</span> <span class='ocrx_word' id='word_1_73' title='bbox 770 769 1121 813; x_wconf 82' lang='lat' dir='ltr'>animadvertebat,</span> <span class='ocrx_word' id='word_1_74' title='bbox 1161 768 1225 812; x_wconf 93' lang='lat' dir='ltr'>qui</span> <span class='ocrx_word' id='word_1_75' title='bbox 1266 766 1499 807; x_wconf 88' lang='lat' dir='ltr'>calcaribus,</span> 
     </span>
     <span class='ocr_line' id='line_1_11' title="bbox 89 821 1500 873; baseline -0.006 -10"><span class='ocrx_word' id='word_1_76' title='bbox 89 828 155 873; x_wconf 88' lang='lat' dir='ltr'>qui</span> <span class='ocrx_word' id='word_1_77' title='bbox 195 827 340 861; x_wconf 80' lang='lat' dir='ltr'>fraenis</span> <span class='ocrx_word' id='word_1_78' title='bbox 381 836 478 871; x_wconf 86' lang='lat' dir='ltr'>opus</span> <span class='ocrx_word' id='word_1_79' title='bbox 522 826 709 866; x_wconf 85' lang='lat' dir='ltr'>haberent</span> <span class='ocrx_word' id='word_1_80' title='bbox 757 821 1013 871; x_wconf 77' lang='lat' dir='ltr'>discipuliz*)</span> <span class='ocrx_word' id='word_1_81' title='bbox 1062 824 1116 858; x_wconf 86' lang='lat' dir='ltr'>ita</span> <span class='ocrx_word' id='word_1_82' title='bbox 1157 825 1333 858; x_wconf 82' lang='lat' dir='ltr'>fraenum</span> <span class='ocrx_word' id='word_1_83' title='bbox 1383 831 1500 857; x_wconf 89' lang='lat' dir='ltr'>unum</span> 
     </span>
     <span class='ocr_line' id='line_1_12' title="bbox 89 878 1501 926; baseline -0.006 -7"><span class='ocrx_word' id='word_1_84' title='bbox 89 883 426 926; x_wconf 88' lang='lat' dir='ltr'>certissimumque</span> <span class='ocrx_word' id='word_1_85' title='bbox 471 881 656 916; x_wconf 84' lang='lat' dir='ltr'>censebat</span> <span class='ocrx_word' id='word_1_86' title='bbox 695 881 879 916; x_wconf 82' lang='lat' dir='ltr'>rationem</span> <span class='ocrx_word' id='word_1_87' title='bbox 920 891 942 914; x_wconf 83' lang='lat' dir='ltr'>a</span> <span class='ocrx_word' id='word_1_88' title='bbox 979 880 1084 925; x_wconf 88' lang='lat' dir='ltr'>veri,</span> <span class='ocrx_word' id='word_1_89' title='bbox 1135 879 1253 923; x_wconf 84' lang='lat' dir='ltr'>recti,</span> <span class='ocrx_word' id='word_1_90' title='bbox 1292 878 1501 922; x_wconf 84' lang='lat' dir='ltr'>decorique</span> 
     </span>
     <span class='ocr_line' id='line_1_13' title="bbox 89 933 1499 984; baseline -0.006 -10"><span class='ocrx_word' id='word_1_91' title='bbox 89 939 234 974; x_wconf 91' lang='lat' dir='ltr'>iudicio</span> <span class='ocrx_word' id='word_1_92' title='bbox 273 939 507 984; x_wconf 84' lang='lat' dir='ltr'>profectam:</span> <span class='ocrx_word' id='word_1_93' title='bbox 551 936 650 981; x_wconf 89' lang='lat' dir='ltr'>quod</span> <span class='ocrx_word' id='word_1_94' title='bbox 690 937 869 971; x_wconf 84' lang='lat' dir='ltr'>fraenum</span> <span class='ocrx_word' id='word_1_95' title='bbox 899 936 962 980; x_wconf 90' lang='lat' dir='ltr'>qui</span> <span class='ocrx_word' id='word_1_96' title='bbox 1001 938 1254 980; x_wconf 79' lang='lat' dir='ltr'>respuerent,</span> <span class='ocrx_word' id='word_1_97' title='bbox 1306 944 1373 968; x_wconf 92' lang='lat' dir='ltr'>eos</span> <span class='ocrx_word' id='word_1_98' title='bbox 1425 933 1499 967; x_wconf 88' lang='lat' dir='ltr'>sibi</span> 
     </span>
     <span class='ocr_line' id='line_1_14' title="bbox 88 986 1597 1040; baseline -0.007 -10"><span class='ocrx_word' id='word_1_99' title='bbox 88 995 186 1040; x_wconf 92' lang='lat' dir='ltr'>ipsis</span> <span class='ocrx_word' id='word_1_100' title='bbox 216 1005 263 1029; x_wconf 89' lang='lat' dir='ltr'>ac</span> <span class='ocrx_word' id='word_1_101' title='bbox 292 993 453 1038; x_wconf 77' lang='lat' dir='ltr'>tempori</span> <span class='ocrx_word' id='word_1_102' title='bbox 484 992 761 1037; x_wconf 89' lang='lat' dir='ltr'>relinquendos</span> <span class='ocrx_word' id='word_1_103' title='bbox 792 1001 902 1026; x_wconf 89' lang='lat' dir='ltr'>esse:</span> <span class='ocrx_word' id='word_1_104' title='bbox 944 991 1007 1036; x_wconf 88' lang='lat' dir='ltr'>qui</span> <span class='ocrx_word' id='word_1_105' title='bbox 1048 991 1287 1036; x_wconf 74' lang='lat' dir='ltr'>reciperent,</span> <span class='ocrx_word' id='word_1_106' title='bbox 1329 999 1417 1032; x_wconf 86' lang='lat' dir='ltr'>eos,</span> <span class='ocrx_word' id='word_1_107' title='bbox 1457 986 1597 1022; x_wconf 66' lang='lat'><strong>111237</strong></span> 
     </span>
     <span class='ocr_line' id='line_1_15' title="bbox 89 1047 1500 1091; baseline -0.005 -5"><span class='ocrx_word' id='word_1_108' title='bbox 89 1051 137 1086; x_wconf 83' lang='lat' dir='ltr'>ab</span> <span class='ocrx_word' id='word_1_109' title='bbox 168 1050 397 1086; x_wconf 87' lang='lat' dir='ltr'>emendandi</span> <span class='ocrx_word' id='word_1_110' title='bbox 428 1048 603 1089; x_wconf 83' lang='lat' dir='ltr'>libidine,</span> <span class='ocrx_word' id='word_1_111' title='bbox 634 1049 689 1082; x_wconf 88' lang='lat' dir='ltr'>ita</span> <span class='ocrx_word' id='word_1_112' title='bbox 718 1049 765 1083; x_wconf 88' lang='lat' dir='ltr'>ab</span> <span class='ocrx_word' id='word_1_113' title='bbox 788 1047 1019 1083; x_wconf 81' lang='lat' dir='ltr'>eruditionis</span> <span class='ocrx_word' id='word_1_114' title='bbox 1039 1047 1268 1091; x_wconf 81' lang='lat' dir='ltr'>profusione</span> <span class='ocrx_word' id='word_1_115' title='bbox 1295 1049 1333 1080; x_wconf 89' lang='lat' dir='ltr'>et</span> <span class='ocrx_word' id='word_1_116' title='bbox 1364 1049 1500 1079; x_wconf 83' lang='lat' dir='ltr'>osten—</span> 
     </span>
     <span class='ocr_line' id='line_1_16' title="bbox 89 1101 1499 1149; baseline -0.005 -7"><span class='ocrx_word' id='word_1_117' title='bbox 89 1107 261 1149; x_wconf 79' lang='lat' dir='ltr'>tatione,</span> <span class='ocrx_word' id='word_1_118' title='bbox 303 1105 493 1141; x_wconf 88' lang='lat' dir='ltr'>cohiberi.</span> <span class='ocrx_word' id='word_1_119' title='bbox 554 1106 669 1148; x_wconf 83' lang='lat' dir='ltr'>Erat,</span> <span class='ocrx_word' id='word_1_120' title='bbox 709 1104 772 1149; x_wconf 90' lang='lat' dir='ltr'>qui</span> <span class='ocrx_word' id='word_1_121' title='bbox 813 1104 860 1138; x_wconf 88' lang='lat' dir='ltr'>de</span> <span class='ocrx_word' id='word_1_122' title='bbox 899 1102 1029 1148; x_wconf 88' lang='lat' dir='ltr'>aliquo</span> <span class='ocrx_word' id='word_1_123' title='bbox 1068 1104 1299 1149; x_wconf 80' lang='lat' dir='ltr'>argumento</span> <span class='ocrx_word' id='word_1_124' title='bbox 1327 1101 1499 1136; x_wconf 89' lang='lat' dir='ltr'>libellum</span> 
     </span>
     <span class='ocr_line' id='line_1_17' title="bbox 89 1158 1501 1206; baseline -0.004 -9"><span class='ocrx_word' id='word_1_125' title='bbox 89 1162 368 1206; x_wconf 79' lang='lat' dir='ltr'>conscriberet,</span> <span class='ocrx_word' id='word_1_126' title='bbox 400 1161 438 1196; x_wconf 91' lang='lat' dir='ltr'>in</span> <span class='ocrx_word' id='word_1_127' title='bbox 470 1170 636 1205; x_wconf 88' lang='lat' dir='ltr'>eumque</span> <span class='ocrx_word' id='word_1_128' title='bbox 666 1160 793 1195; x_wconf 90' lang='lat' dir='ltr'>omnia</span> <span class='ocrx_word' id='word_1_129' title='bbox 827 1170 928 1205; x_wconf 83' lang='lat' dir='ltr'>quae</span> <span class='ocrx_word' id='word_1_130' title='bbox 958 1160 1102 1202; x_wconf 77' lang='lat' dir='ltr'>sciret,</span> <span class='ocrx_word' id='word_1_131' title='bbox 1141 1159 1256 1193; x_wconf 82' lang='lat' dir='ltr'>etiam</span> <span class='ocrx_word' id='word_1_132' title='bbox 1296 1158 1343 1192; x_wconf 85' lang='lat' dir='ltr'>ab</span> <span class='ocrx_word' id='word_1_133' title='bbox 1374 1166 1501 1203; x_wconf 77' lang='lat' dir='ltr'>argu—</span> 
     </span>
     <span class='ocr_line' id='line_1_18' title="bbox 89 1214 1500 1261; baseline -0.005 -7"><span class='ocrx_word' id='word_1_134' title='bbox 89 1220 218 1254; x_wconf 86' lang='lat' dir='ltr'>mento</span> <span class='ocrx_word' id='word_1_135' title='bbox 249 1216 400 1261; x_wconf 84' lang='lat' dir='ltr'>aliena,</span> <span class='ocrx_word' id='word_1_136' title='bbox 441 1216 682 1257; x_wconf 85' lang='lat' dir='ltr'>effunderet,</span> <span class='ocrx_word' id='word_1_137' title='bbox 724 1225 769 1249; x_wconf 89' lang='lat' dir='ltr'>ac</span> <span class='ocrx_word' id='word_1_138' title='bbox 820 1226 887 1260; x_wconf 89' lang='lat' dir='ltr'>per</span> <span class='ocrx_word' id='word_1_139' title='bbox 927 1215 1194 1261; x_wconf 75' lang='lat' dir='ltr'>digressiones</span> <span class='ocrx_word' id='word_1_140' title='bbox 1232 1214 1500 1257; x_wconf 80' lang='lat' dir='ltr'>interpositio—</span> 
     </span>
     <span class='ocr_line' id='line_1_19' title="bbox 89 1269 1501 1315; baseline -0.005 -6"><span class='ocrx_word' id='word_1_141' title='bbox 89 1283 214 1310; x_wconf 84' lang='lat' dir='ltr'>nesve</span> <span class='ocrx_word' id='word_1_142' title='bbox 253 1271 469 1308; x_wconf 80' lang='lat' dir='ltr'>inferciret.</span> <span class='ocrx_word' id='word_1_143' title='bbox 540 1273 652 1307; x_wconf 88' lang='lat' dir='ltr'>Hunc</span> <span class='ocrx_word' id='word_1_144' title='bbox 699 1271 885 1312; x_wconf 78' lang='lat' dir='ltr'>docebat,</span> <span class='ocrx_word' id='word_1_145' title='bbox 936 1271 982 1305; x_wconf 87' lang='lat' dir='ltr'>ad</span> <span class='ocrx_word' id='word_1_146' title='bbox 1029 1270 1249 1315; x_wconf 87' lang='lat' dir='ltr'>opinionem</span> <span class='ocrx_word' id='word_1_147' title='bbox 1307 1269 1501 1303; x_wconf 83' lang='lat' dir='ltr'>hominum</span> 
     </span>
     <span class='ocr_line' id='line_1_20' title="bbox 88 1324 1503 1374; baseline -0.005 -9"><span class='ocrx_word' id='word_1_148' title='bbox 88 1329 325 1366; x_wconf 83' lang='lat' dir='ltr'>laudabilius</span> <span class='ocrx_word' id='word_1_149' title='bbox 355 1337 466 1374; x_wconf 89' lang='lat' dir='ltr'>esse,</span> <span class='ocrx_word' id='word_1_150' title='bbox 510 1327 657 1372; x_wconf 85' lang='lat' dir='ltr'>aliquid</span> <span class='ocrx_word' id='word_1_151' title='bbox 695 1327 733 1361; x_wconf 90' lang='lat' dir='ltr'>in</span> <span class='ocrx_word' id='word_1_152' title='bbox 765 1327 924 1362; x_wconf 89' lang='lat' dir='ltr'>scriniis</span> <span class='ocrx_word' id='word_1_153' title='bbox 954 1335 1202 1369; x_wconf 78' lang='lat' dir='ltr'>reservasse,</span> <span class='ocrx_word' id='word_1_154' title='bbox 1233 1334 1345 1369; x_wconf 86' lang='lat' dir='ltr'>quam</span> <span class='ocrx_word' id='word_1_155' title='bbox 1376 1324 1503 1359; x_wconf 85' lang='lat' dir='ltr'>omnia</span> 
     </span>
     <span class='ocr_line' id='line_1_21' title="bbox 89 1381 1501 1429; baseline -0.006 -7"><span class='ocrx_word' id='word_1_156' title='bbox 89 1386 297 1429; x_wconf 84' lang='lat' dir='ltr'>effudisse,</span> <span class='ocrx_word' id='word_1_157' title='bbox 333 1384 479 1420; x_wconf 85' lang='lat' dir='ltr'>videri:</span> <span class='ocrx_word' id='word_1_158' title='bbox 518 1394 564 1419; x_wconf 89' lang='lat' dir='ltr'>ac</span> <span class='ocrx_word' id='word_1_159' title='bbox 593 1384 722 1429; x_wconf 85' lang='lat' dir='ltr'>potius</span> <span class='ocrx_word' id='word_1_160' title='bbox 753 1383 905 1418; x_wconf 84' lang='lat' dir='ltr'>delectu</span> <span class='ocrx_word' id='word_1_161' title='bbox 937 1381 1261 1418; x_wconf 78' lang='lat' dir='ltr'>existimationem</span> <span class='ocrx_word' id='word_1_162' title='bbox 1294 1381 1501 1416; x_wconf 88' lang='lat' dir='ltr'>abundan-</span> 
     </span>
     <span class='ocr_line' id='line_1_22' title="bbox 89 1437 1501 1486; baseline -0.006 -8"><span class='ocrx_word' id='word_1_163' title='bbox 89 1443 169 1478; x_wconf 87' lang='lat' dir='ltr'>tiae</span> <span class='ocrx_word' id='word_1_164' title='bbox 199 1444 239 1486; x_wconf 85' lang='lat' dir='ltr'>et</span> <span class='ocrx_word' id='word_1_165' title='bbox 268 1440 405 1477; x_wconf 92' lang='lat' dir='ltr'>iudicii</span> <span class='ocrx_word' id='word_1_166' title='bbox 435 1440 637 1485; x_wconf 85' lang='lat' dir='ltr'>consequi,</span> <span class='ocrx_word' id='word_1_167' title='bbox 669 1450 781 1484; x_wconf 89' lang='lat' dir='ltr'>quam</span> <span class='ocrx_word' id='word_1_168' title='bbox 813 1439 1040 1484; x_wconf 79' lang='lat' dir='ltr'>profusione</span> <span class='ocrx_word' id='word_1_169' title='bbox 1070 1439 1109 1473; x_wconf 91' lang='lat' dir='ltr'>in</span> <span class='ocrx_word' id='word_1_170' title='bbox 1141 1437 1329 1482; x_wconf 85' lang='lat' dir='ltr'>penuriae</span> <span class='ocrx_word' id='word_1_171' title='bbox 1359 1447 1407 1471; x_wconf 86' lang='lat' dir='ltr'>ac</span> <span class='ocrx_word' id='word_1_172' title='bbox 1436 1439 1501 1471; x_wconf 86' lang='lat' dir='ltr'>te-</span> 
     </span>
     <span class='ocr_line' id='line_1_23' title="bbox 89 1493 1501 1542; baseline -0.004 -9"><span class='ocrx_word' id='word_1_173' title='bbox 89 1497 279 1534; x_wconf 84' lang='lat' dir='ltr'>meritatis</span> <span class='ocrx_word' id='word_1_174' title='bbox 319 1494 661 1542; x_wconf 79' lang='lat' dir='ltr'>reprehensionem</span> <span class='ocrx_word' id='word_1_175' title='bbox 702 1495 918 1531; x_wconf 89' lang='lat' dir='ltr'>incurrere.</span> <span class='ocrx_word' id='word_1_176' title='bbox 978 1496 1079 1540; x_wconf 80' lang='lat' dir='ltr'>Ego,</span> <span class='ocrx_word' id='word_1_177' title='bbox 1110 1497 1312 1538; x_wconf 83' lang='lat' dir='ltr'>postquam</span> <span class='ocrx_word' id='word_1_178' title='bbox 1344 1493 1501 1538; x_wconf 84' lang='lat' dir='ltr'>Episto-</span> 
     </span>
     <span class='ocr_line' id='line_1_24' title="bbox 90 1548 1501 1599; baseline -0.006 -9"><span class='ocrx_word' id='word_1_179' title='bbox 90 1555 165 1590; x_wconf 84' lang='lat' dir='ltr'>lam</span> <span class='ocrx_word' id='word_1_180' title='bbox 196 1553 395 1599; x_wconf 79' lang='lat' dir='ltr'>criticam,</span> <span class='ocrx_word' id='word_1_181' title='bbox 422 1556 462 1588; x_wconf 85' lang='lat' dir='ltr'>et</span> <span class='ocrx_word' id='word_1_182' title='bbox 491 1552 741 1591; x_wconf 82' lang='lat' dir='ltr'>Plutarchum</span> <span class='ocrx_word' id='word_1_183' title='bbox 772 1552 820 1586; x_wconf 90' lang='lat' dir='ltr'>de</span> <span class='ocrx_word' id='word_1_184' title='bbox 843 1552 940 1588; x_wconf 84' lang='lat' dir='ltr'>Sera</span> <span class='ocrx_word' id='word_1_185' title='bbox 971 1550 1151 1586; x_wconf 89' lang='lat' dir='ltr'>Numinis</span> <span class='ocrx_word' id='word_1_186' title='bbox 1184 1549 1382 1593; x_wconf 82' lang='lat' dir='ltr'>Vindicta,</span> <span class='ocrx_word' id='word_1_187' title='bbox 1411 1548 1501 1583; x_wconf 89' lang='lat' dir='ltr'>edi-</span> 
     </span>
     <span class='ocr_line' id='line_1_25' title="bbox 90 1604 1501 1655; baseline -0.006 -9"><span class='ocrx_word' id='word_1_188' title='bbox 90 1610 256 1655; x_wconf 83' lang='lat' dir='ltr'>dissem,</span> <span class='ocrx_word' id='word_1_189' title='bbox 302 1619 416 1654; x_wconf 85' lang='lat' dir='ltr'>porro</span> <span class='ocrx_word' id='word_1_190' title='bbox 462 1609 562 1643; x_wconf 83' lang='lat' dir='ltr'>alias</span> <span class='ocrx_word' id='word_1_191' title='bbox 610 1608 970 1643; x_wconf 79' lang='lat' dir='ltr'>animadversiones</span> <span class='ocrx_word' id='word_1_192' title='bbox 1021 1616 1128 1640; x_wconf 85' lang='lat' dir='ltr'>meas</span> <span class='ocrx_word' id='word_1_193' title='bbox 1173 1604 1362 1650; x_wconf 80' lang='lat' dir='ltr'>peculiari</span> <span class='ocrx_word' id='word_1_194' title='bbox 1403 1604 1501 1638; x_wconf 90' lang='lat' dir='ltr'>libro</span> 
     </span>
     <span class='ocr_line' id='line_1_26' title="bbox 89 1662 1500 1712; baseline -0.005 -11"><span class='ocrx_word' id='word_1_195' title='bbox 89 1666 206 1701; x_wconf 88' lang='lat' dir='ltr'>edere</span> <span class='ocrx_word' id='word_1_196' title='bbox 240 1665 519 1712; x_wconf 79' lang='lat' dir='ltr'>adgrediebar:</span> <span class='ocrx_word' id='word_1_197' title='bbox 561 1663 629 1698; x_wconf 88' lang='lat' dir='ltr'>ille</span> <span class='ocrx_word' id='word_1_198' title='bbox 669 1664 772 1698; x_wconf 85' lang='lat' dir='ltr'>hunc</span> <span class='ocrx_word' id='word_1_199' title='bbox 811 1664 994 1708; x_wconf 88' lang='lat' dir='ltr'>impetum</span> <span class='ocrx_word' id='word_1_200' title='bbox 1024 1662 1262 1706; x_wconf 88' lang='lat' dir='ltr'>reprimens,</span> <span class='ocrx_word' id='word_1_201' title='bbox 1301 1662 1387 1705; x_wconf 80' lang='lat' dir='ltr'>„Tu</span> <span class='ocrx_word' id='word_1_202' title='bbox 1426 1669 1500 1705; x_wconf 88' lang='lat' dir='ltr'>po-</span> 
     </span>
     <span class='ocr_line' id='line_1_27' title="bbox 89 1717 1501 1770; baseline -0.005 -13"><span class='ocrx_word' id='word_1_203' title='bbox 89 1722 220 1770; x_wconf 77' lang='lat' dir='ltr'>„tius⁶‘</span> <span class='ocrx_word' id='word_1_204' title='bbox 251 1721 376 1766; x_wconf 90' lang='lat' dir='ltr'>inquit</span> <span class='ocrx_word' id='word_1_205' title='bbox 414 1720 610 1764; x_wconf 90' lang='lat' dir='ltr'>„studium</span> <span class='ocrx_word' id='word_1_206' title='bbox 652 1730 762 1754; x_wconf 92' lang='lat' dir='ltr'>omne</span> <span class='ocrx_word' id='word_1_207' title='bbox 792 1722 897 1754; x_wconf 89' lang='lat' dir='ltr'>tuum</span> <span class='ocrx_word' id='word_1_208' title='bbox 929 1718 1065 1753; x_wconf 83' lang='lat' dir='ltr'>confer</span> <span class='ocrx_word' id='word_1_209' title='bbox 1094 1717 1143 1752; x_wconf 88' lang='lat' dir='ltr'>ad</span> <span class='ocrx_word' id='word_1_210' title='bbox 1173 1717 1381 1752; x_wconf 88' lang='lat' dir='ltr'>editionem</span> <span class='ocrx_word' id='word_1_211' title='bbox 1412 1726 1501 1751; x_wconf 90' lang='lat' dir='ltr'>om-</span> 
     </span>
     <span class='ocr_line' id='line_1_28' title="bbox 87 1772 1501 1826; baseline -0.005 -13"><span class='ocrx_word' id='word_1_212' title='bbox 87 1778 221 1826; x_wconf 85' lang='lat' dir='ltr'>„nium</span> <span class='ocrx_word' id='word_1_213' title='bbox 252 1777 451 1813; x_wconf 80' lang='lat' dir='ltr'>Plutarchi</span> <span class='ocrx_word' id='word_1_214' title='bbox 480 1786 660 1821; x_wconf 87' lang='lat' dir='ltr'>operum;</span> <span class='ocrx_word' id='word_1_215' title='bbox 693 1778 823 1810; x_wconf 84' lang='lat' dir='ltr'>tantus</span> <span class='ocrx_word' id='word_1_216' title='bbox 856 1776 919 1809; x_wconf 89' lang='lat' dir='ltr'>hic</span> <span class='ocrx_word' id='word_1_217' title='bbox 949 1776 1010 1808; x_wconf 86' lang='lat' dir='ltr'>est</span> <span class='ocrx_word' id='word_1_218' title='bbox 1031 1783 1203 1818; x_wconf 81' lang='lat' dir='ltr'>campuS,</span> <span class='ocrx_word' id='word_1_219' title='bbox 1234 1772 1300 1807; x_wconf 88' lang='lat' dir='ltr'>ubi</span> <span class='ocrx_word' id='word_1_220' title='bbox 1322 1772 1501 1807; x_wconf 89' lang='lat' dir='ltr'>omnibus</span> 
     </span>
     <span class='ocr_line' id='line_1_29' title="bbox 89 1828 1501 1886; baseline -0.005 -17"><span class='ocrx_word' id='word_1_221' title='bbox 89 1835 217 1886; x_wconf 68' lang='lat' dir='ltr'>„tuis7</span> <span class='ocrx_word' id='word_1_222' title='bbox 248 1832 359 1868; x_wconf 90' lang='lat' dir='ltr'>bonis</span> <span class='ocrx_word' id='word_1_223' title='bbox 390 1831 558 1882; x_wconf 78' lang='lat' dir='ltr'>quidem,</span> <span class='ocrx_word' id='word_1_224' title='bbox 589 1831 897 1866; x_wconf 84' lang='lat' dir='ltr'>correctionibus</span> <span class='ocrx_word' id='word_1_225' title='bbox 928 1830 1053 1865; x_wconf 86' lang='lat' dir='ltr'>locum</span> <span class='ocrx_word' id='word_1_226' title='bbox 1084 1828 1194 1864; x_wconf 76' lang='lat' dir='ltr'>des.“</span> <span class='ocrx_word' id='word_1_227' title='bbox 1234 1829 1301 1873; x_wconf 87' lang='lat' dir='ltr'>At,</span> <span class='ocrx_word' id='word_1_228' title='bbox 1333 1828 1501 1873; x_wconf 80' lang='lat' dir='ltr'>inquam,</span> 
     </span>
     <span class='ocr_line' id='line_1_30' title="bbox 88 1884 1500 1935; baseline -0.005 -10"><span class='ocrx_word' id='word_1_229' title='bbox 88 1891 239 1926; x_wconf 83' lang='lat' dir='ltr'>interea</span> <span class='ocrx_word' id='word_1_230' title='bbox 279 1889 348 1924; x_wconf 89' lang='lat' dir='ltr'>alii</span> <span class='ocrx_word' id='word_1_231' title='bbox 386 1891 535 1934; x_wconf 82' lang='lat' dir='ltr'>partem</span> <span class='ocrx_word' id='word_1_232' title='bbox 575 1890 705 1923; x_wconf 83' lang='lat' dir='ltr'>carui-n</span> <span class='ocrx_word' id='word_1_233' title='bbox 738 1886 1010 1935; x_wconf 77' lang='lat' dir='ltr'>occupabunt,</span> <span class='ocrx_word' id='word_1_234' title='bbox 1051 1885 1223 1930; x_wconf 86' lang='lat' dir='ltr'>mihique</span> <span class='ocrx_word' id='word_1_235' title='bbox 1262 1884 1500 1919; x_wconf 82' lang='lat' dir='ltr'>inventionis</span> 
     </span>
     <span class='ocr_line' id='line_1_31' title="bbox 91 1936 1501 1992; baseline -0.005 -11"><span class='ocrx_word' id='word_1_236' title='bbox 91 1947 177 1982; x_wconf 84' lang='lat' dir='ltr'>laus</span> <span class='ocrx_word' id='word_1_237' title='bbox 206 1945 362 1992; x_wconf 78' lang='lat' dir='ltr'>peribit.</span> <span class='ocrx_word' id='word_1_238' title='bbox 392 1946 488 1980; x_wconf 79' lang='lat' dir='ltr'>&#39;Pum</span> <span class='ocrx_word' id='word_1_239' title='bbox 512 1944 598 1978; x_wconf 88' lang='lat' dir='ltr'>ille:</span> <span class='ocrx_word' id='word_1_240' title='bbox 629 1944 856 1989; x_wconf 73' lang='lat' dir='ltr'>„Pauperis</span> <span class='ocrx_word' id='word_1_241' title='bbox 874 1946 930 1978; x_wconf 82' lang='lat' dir='ltr'>est</span> <span class='ocrx_word' id='word_1_242' title='bbox 947 1951 1160 1977; x_wconf 73' lang='lat' dir='ltr'>numerare</span> <span class='ocrx_word' id='word_1_243' title='bbox 1186 1936 1402 1988; x_wconf 78' lang='lat' dir='ltr'>pecus:**)</span> <span class='ocrx_word' id='word_1_244' title='bbox 1434 1943 1501 1975; x_wconf 87' lang='lat' dir='ltr'>tua</span> 
     </span>
     <span class='ocr_line' id='line_1_32' title="bbox 91 1995 1501 2051; baseline -0.005 -13"><span class='ocrx_word' id='word_1_245' title='bbox 91 2001 188 2051; x_wconf 82' lang='lat' dir='ltr'>„tibi</span> <span class='ocrx_word' id='word_1_246' title='bbox 213 2011 367 2046; x_wconf 91' lang='lat' dir='ltr'>semper</span> <span class='ocrx_word' id='word_1_247' title='bbox 396 2000 609 2035; x_wconf 85' lang='lat' dir='ltr'>manebunt</span> <span class='ocrx_word' id='word_1_248' title='bbox 637 1998 824 2033; x_wconf 82' lang='lat' dir='ltr'>inventa:</span> <span class='ocrx_word' id='word_1_249' title='bbox 855 2000 894 2032; x_wconf 82' lang='lat' dir='ltr'>et</span> <span class='ocrx_word' id='word_1_250' title='bbox 924 1997 955 2032; x_wconf 91' lang='lat' dir='ltr'>si</span> <span class='ocrx_word' id='word_1_251' title='bbox 988 1998 1091 2031; x_wconf 87' lang='lat' dir='ltr'>forte</span> <span class='ocrx_word' id='word_1_252' title='bbox 1122 1996 1223 2031; x_wconf 87' lang='lat' dir='ltr'>alius</span> <span class='ocrx_word' id='word_1_253' title='bbox 1253 2006 1370 2031; x_wconf 89' lang='lat' dir='ltr'>unum</span> <span class='ocrx_word' id='word_1_254' title='bbox 1403 1995 1501 2031; x_wconf 87' lang='lat' dir='ltr'>alte-</span> 
     </span>
     <span class='ocr_line' id='line_1_33' title="bbox 91 2052 1500 2104; baseline -0.005 -11"><span class='ocrx_word' id='word_1_255' title='bbox 91 2068 250 2104; x_wconf 74' lang='lat' dir='ltr'>„rumve</span> <span class='ocrx_word' id='word_1_256' title='bbox 280 2056 561 2102; x_wconf 78' lang='lat' dir='ltr'>praeripuerit,</span> <span class='ocrx_word' id='word_1_257' title='bbox 609 2055 705 2101; x_wconf 85' lang='lat' dir='ltr'>hoc,</span> <span class='ocrx_word' id='word_1_258' title='bbox 747 2058 882 2099; x_wconf 85' lang='lat' dir='ltr'>postea</span> <span class='ocrx_word' id='word_1_259' title='bbox 920 2056 986 2088; x_wconf 89' lang='lat' dir='ltr'>tuo</span> <span class='ocrx_word' id='word_1_260' title='bbox 1017 2056 1190 2098; x_wconf 88' lang='lat' dir='ltr'>tempore</span> <span class='ocrx_word' id='word_1_261' title='bbox 1220 2062 1243 2086; x_wconf 84' lang='lat' dir='ltr'>a</span> <span class='ocrx_word' id='word_1_262' title='bbox 1272 2054 1310 2087; x_wconf 87' lang='lat' dir='ltr'>te</span> <span class='ocrx_word' id='word_1_263' title='bbox 1340 2052 1500 2097; x_wconf 79' lang='lat' dir='ltr'>editum,</span> 
     </span>
     <span class='ocr_line' id='line_1_34' title="bbox 93 2105 1501 2159; baseline -0.005 -10"><span class='ocrx_word' id='word_1_264' title='bbox 93 2115 203 2159; x_wconf 83' lang='lat' dir='ltr'>„ipso</span> <span class='ocrx_word' id='word_1_265' title='bbox 233 2113 320 2148; x_wconf 88' lang='lat' dir='ltr'>loco</span> <span class='ocrx_word' id='word_1_266' title='bbox 351 2116 389 2148; x_wconf 83' lang='lat' dir='ltr'>et</span> <span class='ocrx_word' id='word_1_267' title='bbox 421 2112 553 2147; x_wconf 85' lang='lat' dir='ltr'>babitu</span> <span class='ocrx_word' id='word_1_268' title='bbox 580 2114 618 2146; x_wconf 82' lang='lat' dir='ltr'>te</span> <span class='ocrx_word' id='word_1_269' title='bbox 640 2111 879 2146; x_wconf 78' lang='lat' dir='ltr'>inventorem</span> <span class='ocrx_word' id='word_1_270' title='bbox 912 2105 1165 2150; x_wconf 70' lang='lat' dir='ltr'>testabitur.“</span> <span class='ocrx_word' id='word_1_271' title='bbox 1222 2110 1278 2143; x_wconf 88' lang='lat' dir='ltr'>De</span> <span class='ocrx_word' id='word_1_272' title='bbox 1312 2109 1386 2143; x_wconf 83' lang='lat' dir='ltr'>hac</span> <span class='ocrx_word' id='word_1_273' title='bbox 1417 2109 1501 2143; x_wconf 86' lang='lat' dir='ltr'>eius</span> 
     </span>
     <span class='ocr_line' id='line_1_35' title="bbox 87 2164 1501 2214; baseline -0.005 -9"><span class='ocrx_word' id='word_1_274' title='bbox 87 2169 350 2205; x_wconf 70' lang='lat' dir='ltr'>admonitione</span> <span class='ocrx_word' id='word_1_275' title='bbox 390 2168 504 2214; x_wconf 88' lang='lat' dir='ltr'>plura·</span> <span class='ocrx_word' id='word_1_276' title='bbox 540 2166 621 2202; x_wconf 86' lang='lat' dir='ltr'>dixi</span> <span class='ocrx_word' id='word_1_277' title='bbox 664 2177 787 2212; x_wconf 82' lang='lat' dir='ltr'>nuper</span> <span class='ocrx_word' id='word_1_278' title='bbox 826 2166 864 2201; x_wconf 90' lang='lat' dir='ltr'>in</span> <span class='ocrx_word' id='word_1_279' title='bbox 905 2164 1300 2200; x_wconf 78' lang='lat' dir='ltr'>Animadversionum</span> <span class='ocrx_word' id='word_1_280' title='bbox 1343 2164 1501 2199; x_wconf 86' lang='lat' dir='ltr'>Plutar-</span> 
     </span>
     <span class='ocr_line' id='line_1_36' title="bbox 87 2220 1501 2269; baseline -0.006 -6"><span class='ocrx_word' id='word_1_281' title='bbox 87 2227 271 2263; x_wconf 88' lang='lat' dir='ltr'>chearum</span> <span class='ocrx_word' id='word_1_282' title='bbox 302 2224 567 2269; x_wconf 81' lang='lat' dir='ltr'>praefatione,</span> <span class='ocrx_word' id='word_1_283' title='bbox 613 2232 724 2268; x_wconf 84' lang='lat' dir='ltr'>quam</span> <span class='ocrx_word' id='word_1_284' title='bbox 755 2222 868 2268; x_wconf 86' lang='lat' dir='ltr'>paulo</span> <span class='ocrx_word' id='word_1_285' title='bbox 900 2225 988 2256; x_wconf 84' lang='lat' dir='ltr'>ante</span> <span class='ocrx_word' id='word_1_286' title='bbox 1020 2221 1164 2255; x_wconf 78' lang='lat' dir='ltr'>obitum</span> <span class='ocrx_word' id='word_1_287' title='bbox 1204 2230 1277 2254; x_wconf 90' lang='lat' dir='ltr'>non</span> <span class='ocrx_word' id='word_1_288' title='bbox 1309 2220 1395 2255; x_wconf 88' lang='lat' dir='ltr'>sine</span> <span class='ocrx_word' id='word_1_289' title='bbox 1425 2229 1501 2255; x_wconf 93' lang='lat' dir='ltr'>vo-</span> 
     </span>
     <span class='ocr_line' id='line_1_37' title="bbox 86 2276 1598 2328; baseline -0.004 -10"><span class='ocrx_word' id='word_1_290' title='bbox 86 2283 237 2328; x_wconf 83' lang='lat' dir='ltr'>luptate</span> <span class='ocrx_word' id='word_1_291' title='bbox 282 2279 393 2328; x_wconf 81' lang='lat' dir='ltr'>legit.</span> <span class='ocrx_word' id='word_1_292' title='bbox 463 2281 555 2315; x_wconf 73' lang='lat' dir='ltr'>Erat</span> <span class='ocrx_word' id='word_1_293' title='bbox 587 2276 820 2324; x_wconf 81' lang='lat' dir='ltr'>aliquando,</span> <span class='ocrx_word' id='word_1_294' title='bbox 864 2277 926 2322; x_wconf 87' lang='lat' dir='ltr'>qui</span> <span class='ocrx_word' id='word_1_295' title='bbox 966 2276 1014 2311; x_wconf 89' lang='lat' dir='ltr'>de</span> <span class='ocrx_word' id='word_1_296' title='bbox 1050 2278 1282 2323; x_wconf 77' lang='lat' dir='ltr'>argumento</span> <span class='ocrx_word' id='word_1_297' title='bbox 1313 2276 1598 2316; x_wconf 75' lang='lat' dir='ltr'>historic0238</span> 
     </span>
     <span class='ocr_line' id='line_1_38' title="bbox 86 2332 1500 2384; baseline -0.006 -10"><span class='ocrx_word' id='word_1_298' title='bbox 86 2339 272 2384; x_wconf 84' lang='lat' dir='ltr'>scriptum</span> <span class='ocrx_word' id='word_1_299' title='bbox 305 2336 493 2381; x_wconf 89' lang='lat' dir='ltr'>quoddam</span> <span class='ocrx_word' id='word_1_300' title='bbox 525 2346 636 2371; x_wconf 92' lang='lat' dir='ltr'>suum</span> <span class='ocrx_word' id='word_1_301' title='bbox 668 2335 703 2370; x_wconf 90' lang='lat' dir='ltr'>ei</span> <span class='ocrx_word' id='word_1_302' title='bbox 734 2333 941 2380; x_wconf 78' lang='lat' dir='ltr'>legendum</span> <span class='ocrx_word' id='word_1_303' title='bbox 970 2332 1103 2382; x_wconf 83' lang='lat' dir='ltr'>daret,</span> <span class='ocrx_word' id='word_1_304' title='bbox 1133 2332 1199 2367; x_wconf 91' lang='lat' dir='ltr'>ubi</span> <span class='ocrx_word' id='word_1_305' title='bbox 1229 2334 1368 2367; x_wconf 84' lang='lat' dir='ltr'>testem</span> <span class='ocrx_word' id='word_1_306' title='bbox 1408 2332 1500 2366; x_wconf 89' lang='lat' dir='ltr'>lau-</span> 
     </span>
     <span class='ocr_line' id='line_1_39' title="bbox 89 2388 1503 2440; baseline -0.005 -10"><span class='ocrx_word' id='word_1_307' title='bbox 89 2395 223 2430; x_wconf 80' lang='lat' dir='ltr'>dasset</span> <span class='ocrx_word' id='word_1_308' title='bbox 252 2393 471 2429; x_wconf 87' lang='lat' dir='ltr'>Simsonum</span> <span class='ocrx_word' id='word_1_309' title='bbox 502 2392 541 2428; x_wconf 89' lang='lat' dir='ltr'>in</span> <span class='ocrx_word' id='word_1_310' title='bbox 574 2390 777 2428; x_wconf 82' lang='lat' dir='ltr'>chronico.</span> <span class='ocrx_word' id='word_1_311' title='bbox 829 2389 929 2425; x_wconf 89' lang='lat' dir='ltr'>Huic</span> <span class='ocrx_word' id='word_1_312' title='bbox 959 2389 1050 2424; x_wconf 89' lang='lat' dir='ltr'>ille:</span> <span class='ocrx_word' id='word_1_313' title='bbox 1091 2388 1218 2440; x_wconf 77' lang='lat' dir='ltr'>„Quid</span> <span class='ocrx_word' id='word_1_314' title='bbox 1248 2388 1347 2424; x_wconf 83' lang='lat' dir='ltr'>tibi“</span> <span class='ocrx_word' id='word_1_315' title='bbox 1378 2388 1503 2433; x_wconf 90' lang='lat' dir='ltr'>inquit</span> 
     </span>
    </p>
   </div>
   <div class='ocr_carea' id='block_1_3' title="bbox 85 2566 1504 2832">
    <p class='ocr_par' dir='ltr' id='par_1_3' title="bbox 85 2566 1504 2788">
     <span class='ocr_line' id='line_1_40' title="bbox 85 2566 1503 2610; baseline -0.006 -8"><span class='ocrx_word' id='word_1_316' title='bbox 85 2566 185 2610; x_wconf 61' lang='lat' dir='ltr'>&#39;)³Ut</span> <span class='ocrx_word' id='word_1_317' title='bbox 217 2572 397 2602; x_wconf 73' lang='lat' dir='ltr'>Isocrates</span> <span class='ocrx_word' id='word_1_318' title='bbox 431 2570 582 2600; x_wconf 39' lang='lat' dir='ltr'>secitrin</span> <span class='ocrx_word' id='word_1_319' title='bbox 617 2568 843 2607; x_wconf 71' lang='lat' dir='ltr'>&#39;l&#39;henpompo</span> <span class='ocrx_word' id='word_1_320' title='bbox 876 2571 912 2597; x_wconf 84' lang='lat' dir='ltr'>et</span> <span class='ocrx_word' id='word_1_321' title='bbox 947 2568 1099 2608; x_wconf 73' lang='lat' dir='ltr'>Ephoro.</span> <span class='ocrx_word' id='word_1_322' title='bbox 1155 2567 1284 2598; x_wconf 82' lang='lat' dir='ltr'>Cicero</span> <span class='ocrx_word' id='word_1_323' title='bbox 1317 2566 1413 2596; x_wconf 81' lang='lat' dir='ltr'>Brnt.</span> <span class='ocrx_word' id='word_1_324' title='bbox 1447 2567 1503 2597; x_wconf 87' lang='grc'>56.</span> 
     </span>
     <span class='ocr_line' id='line_1_41' title="bbox 133 2612 1503 2653; baseline -0.004 -8"><span class='ocrx_word' id='word_1_325' title='bbox 133 2615 256 2653; x_wconf 72' lang='lat' dir='ltr'>Quare</span> <span class='ocrx_word' id='word_1_326' title='bbox 287 2615 353 2646; x_wconf 78' lang='lat' dir='ltr'>hoc</span> <span class='ocrx_word' id='word_1_327' title='bbox 385 2615 545 2646; x_wconf 67' lang='lat' dir='ltr'>doctoris</span> <span class='ocrx_word' id='word_1_328' title='bbox 578 2614 822 2650; x_wconf 50' lang='lat' dir='ltr'>incestarent&amp;</span> <span class='ocrx_word' id='word_1_329' title='bbox 854 2614 930 2653; x_wconf 68' lang='lat' dir='ltr'>est,</span> <span class='ocrx_word' id='word_1_330' title='bbox 963 2613 1108 2651; x_wconf 70' lang='lat' dir='ltr'>videre,</span> <span class='ocrx_word' id='word_1_331' title='bbox 1143 2620 1215 2652; x_wconf 83' lang='lat' dir='ltr'>quo</span> <span class='ocrx_word' id='word_1_332' title='bbox 1237 2612 1338 2651; x_wconf 77' lang='lat' dir='ltr'>serat</span> <span class='ocrx_word' id='word_1_333' title='bbox 1360 2612 1503 2642; x_wconf 75' lang='lat' dir='ltr'>natura</span> 
     </span>
     <span class='ocr_line' id='line_1_42' title="bbox 130 2655 1504 2700; baseline -0.001 -12"><span class='ocrx_word' id='word_1_334' title='bbox 130 2668 200 2690; x_wconf 71' lang='lat' dir='ltr'>sua</span> <span class='ocrx_word' id='word_1_335' title='bbox 223 2668 417 2700; x_wconf 76' lang='lat' dir='ltr'>quemque:</span> <span class='ocrx_word' id='word_1_336' title='bbox 443 2661 475 2690; x_wconf 77' lang='lat' dir='ltr'>el</span> <span class='ocrx_word' id='word_1_337' title='bbox 504 2668 545 2689; x_wconf 81' lang='lat' dir='ltr'>ea</span> <span class='ocrx_word' id='word_1_338' title='bbox 573 2658 663 2688; x_wconf 74' lang='lat' dir='ltr'>duce</span> <span class='ocrx_word' id='word_1_339' title='bbox 689 2659 845 2688; x_wconf 75' lang='lat' dir='ltr'>utentem</span> <span class='ocrx_word' id='word_1_340' title='bbox 870 2658 922 2687; x_wconf 65' lang='lat' dir='ltr'>sic</span> <span class='ocrx_word' id='word_1_341' title='bbox 946 2658 1154 2695; x_wconf 75' lang='lat' dir='ltr'>instituere,</span> <span class='ocrx_word' id='word_1_342' title='bbox 1180 2656 1222 2687; x_wconf 83' lang='lat' dir='ltr'>ut</span> <span class='ocrx_word' id='word_1_343' title='bbox 1247 2655 1449 2686; x_wconf 73' lang='lat' dir='ltr'>Isocratem</span> <span class='ocrx_word' id='word_1_344' title='bbox 1467 2656 1504 2686; x_wconf 75' lang='lat' dir='ltr'>in</span> 
     </span>
     <span class='ocr_line' id='line_1_43' title="bbox 128 2700 1504 2743; baseline -0.004 -8"><span class='ocrx_word' id='word_1_345' title='bbox 128 2703 317 2735; x_wconf 74' lang='lat' dir='ltr'>acerrimo</span> <span class='ocrx_word' id='word_1_346' title='bbox 341 2704 482 2743; x_wconf 69' lang='lat' dir='ltr'>inqenio</span> <span class='ocrx_word' id='word_1_347' title='bbox 510 2703 747 2742; x_wconf 65' lang='lat' dir='ltr'>Theopompi,</span> <span class='ocrx_word' id='word_1_348' title='bbox 773 2704 807 2733; x_wconf 78' lang='lat' dir='ltr'>et</span> <span class='ocrx_word' id='word_1_349' title='bbox 832 2702 1014 2732; x_wconf 60' lang='lat' dir='ltr'>lenissimo</span> <span class='ocrx_word' id='word_1_350' title='bbox 1038 2702 1194 2742; x_wconf 76' lang='lat' dir='ltr'>Ephori,</span> <span class='ocrx_word' id='word_1_351' title='bbox 1219 2701 1355 2730; x_wconf 62' lang='lat' dir='ltr'>dim-isse</span> <span class='ocrx_word' id='word_1_352' title='bbox 1380 2700 1504 2730; x_wconf 80' lang='lat' dir='ltr'>tradi-</span> 
     </span>
     <span class='ocr_line' id='line_1_44' title="bbox 130 2743 1504 2788; baseline -0.004 -10"><span class='ocrx_word' id='word_1_353' title='bbox 130 2749 209 2779; x_wconf 81' lang='lat' dir='ltr'>tum</span> <span class='ocrx_word' id='word_1_354' title='bbox 233 2749 303 2788; x_wconf 74' lang='lat' dir='ltr'>est,</span> <span class='ocrx_word' id='word_1_355' title='bbox 328 2747 477 2779; x_wconf 73' lang='lat' dir='ltr'>alteri</span> <span class='ocrx_word' id='word_1_356' title='bbox 500 2757 547 2779; x_wconf 78' lang='lat' dir='ltr'>se</span> <span class='ocrx_word' id='word_1_357' title='bbox 579 2748 811 2779; x_wconf 71' lang='lat' dir='ltr'>calearia</span> <span class='ocrx_word' id='word_1_358' title='bbox 837 2747 1078 2787; x_wconf 72' lang='lat' dir='ltr'>adhibere,</span> <span class='ocrx_word' id='word_1_359' title='bbox 1107 2746 1257 2778; x_wconf 72' lang='lat' dir='ltr'>alteri</span> <span class='ocrx_word' id='word_1_360' title='bbox 1292 2743 1504 2784; x_wconf 77' lang='lat' dir='ltr'>fraenos.</span> 
     </span>
    </p>

    <p class='ocr_par' dir='ltr' id='par_1_4' title="bbox 87 2791 600 2832">
     <span class='ocr_line' id='line_1_45' title="bbox 87 2791 600 2832; baseline -0.004 -8"><span class='ocrx_word' id='word_1_361' title='bbox 87 2791 130 2830; x_wconf 70' lang='lat'>⁰)</span> <span class='ocrx_word' id='word_1_362' title='bbox 155 2792 251 2824; x_wconf 87' lang='lat' dir='ltr'>Ovid.</span> <span class='ocrx_word' id='word_1_363' title='bbox 287 2793 368 2822; x_wconf 84' lang='lat' dir='ltr'>Met.</span> <span class='ocrx_word' id='word_1_364' title='bbox 393 2792 494 2832; x_wconf 87' lang='lat' dir='ltr'>Xlll,</span> <span class='ocrx_word' id='word_1_365' title='bbox 520 2793 600 2823; x_wconf 75' lang='lat'>824.</span> 
     </span>
    </p>
   </div>
  </div>
 </body>
</html>
