1816 3233
830 204 1140 251 -224-

276 323 472 357 Venaticae
495 322 550 354 rei
573 320 810 361 scriptoribus
825 320 974 352 Graecis
998 322 1036 352 et
1057 321 1191 353 Latinis
1216 328 1343 352 novam
1367 320 1555 353 editionem
1580 319 1694 353 desti-

345 369 502 400 naverat
527 366 673 398 Ruhnk.
704 366 786 397 273.
824 367 997 398 venaticis
1028 366 1173 398 canibus
1209 366 1324 408 qualia
1360 368 1501 399 nomina
1529 367 1694 408 ponenda.

346 415 416 444 sint
442 420 487 442 ex
510 413 702 451 praecepto
725 411 973 451 Xenophontis
995 410 1076 443 272.

277 458 487 489 venationis
509 464 644 497 genera
668 457 735 487 duo
759 455 837 487 271.
861 464 915 497 sq.

279 502 412 534 Versus
435 502 582 532 Latinos
605 501 731 532 facer-e
753 500 834 532 240.
858 503 892 532 et
915 500 1003 532 adn.

276 547 447 587 Vertagis
469 545 645 587 (canibus)
668 547 705 577 in
732 547 923 577 venatione
947 546 1112 577 utebatur
1137 545 1278 578 Ruhnk.
1302 544 1380 577 271.
1405 554 1457 588 sq.

277 591 414 622 Verum
439 598 511 622 non
537 595 593 622 est
615 592 684 621 nisi
710 592 850 623 unicum
873 590 952 622 221.

278 636 445 676 Vestiyia
467 637 570 666 ruris
593 634 674 666 118.
1673 645 1676 648 >

278 681 432 713 veteres
462 683 658 721 scriptores
691 688 760 720 quo
793 680 896 712 modo
933 682 972 711 et
1006 680 1133 712 ordine
1164 680 1308 722 legendi
1341 682 1411 713 sint
1441 680 1497 713 24.
1530 689 1606 724 sqq.
1640 681 1697 713 32.

345 734 421 767 sqq.
446 726 497 757 al.

279 771 497 803 Villoisonus
521 771 748 802 doctissimus
773 770 909 800 iuvenis
933 768 1013 800 216.
1038 769 1094 801 71.
1118 770 1228 802 edidit
1242 771 1426 810 Apollonii
1449 771 1536 802 Lex.
1555 772 1703 806 Homer..

348 815 426 847 163.
451 818 529 847 eius
553 817 800 846 commercium
826 815 917 846 liter.
943 822 1019 846 cum
1046 816 1186 846 Ruhnk.
1210 816 1294 846 ibid.
1318 815 1398 846 232.

280 861 454 901 Virgilius
477 862 511 891 8.
537 862 593 892 65.
611 860 696 892 adn.
722 860 777 890 92.
805 860 880 891 111.
901 859 987 891 adn.
1014 859 1091 891 120.
1117 859 1195 893 121.
1220 860 1298 892 139.
1323 861 1398 893 151.
1420 859 1500 893 212.
1519 859 1599 893 249.
1621 861 1702 893 278.

350 905 408 946 Cf.
433 905 549 936 Ursin.

280 952 402 983 Virtus
426 954 464 981 etz
486 950 638 989 Ignavia
662 948 715 979 19.

286 997 371 1028 Vita
394 1003 529 1036 parum
552 994 675 1026 vitalis
697 993 755 1023 88.

280 1042 432 1073 Vossius
457 1038 558 1079 (Ger.
585 1037 654 1077 Io.)
678 1037 734 1068 9-1.
759 1037 845 1068 adn.
870 1037 947 1069 147.

279 1086 432 1118 vossius
457 1083 522 1124 (lo.
550 1082 674 1121 fleur.)
697 1082 779 1114 232.

280 1128 492 1171 Vryhoffius
515 1128 569 1158 48.
596 1128 682 1159 adn.

285 1175 418 1207 Vultus
440 1174 591 1206 nitentis
611 1172 691 1204 221.

281 1220 499 1260 Wagenarii
523 1226 610 1258 opus
636 1218 680 1248 de
704 1217 851 1248 historia
874 1218 989 1256 patria
1013 1217 1263 1250 professorum
1289 1219 1419 1251 scholis
1444 1220 1554 1253 obfuit
1577 1219 1632 1252 97.

280 1265 507 1297 Wakkerus:
532 1264 603 1295 vid.
629 1263 857 1294 Medenbach.

281 1310 528 1342 Wassenaerii
554 1309 725 1339 memoria
748 1309 881 1347 scripta
903 1307 948 1339 ab
971 1308 1160 1348 VVyttenb.
1191 1308 1267 1340 128.
1292 1309 1380 1340 adn.

281 1355 414 1389 Water
438 1352 480 1394 (l.
507 1353 550 1384 G.
576 1351 642 1393 Te)
665 1352 867 1393 'theologus
898 1353 1089 1385 Arnobium
1126 1356 1229 1394 atque
1254 1353 1446 1386 lablonskii
1479 1361 1598 1394 opusc.
1625 1355 1704 1386 edi-

352 1403 453 1431 turus
479 1398 553 1429 190.
579 1407 631 1438 sq.
657 1399 733 1429 eius
759 1398 925 1429 Narratio
948 1398 992 1429 de
1016 1399 1123 1430 Acad.
1149 1400 1304 1430 LBatav.
1331 1399 1409 1431 192.
1435 1399 1522 1431 adn.

282 1443 599 1477 Wernsdorfianus
624 1443 801 1473 Himerius
827 1443 902 1473 188.
1645 1483 1649 1486 ἢ

283 1490 551 1529 Wesselingius
576 1485 680 1526 (Pet.)
714 1486 769 1517 94.
800 1487 885 1518 adn.
911 1486 965 1518 45.
1005 1488 1083 1518 eius
1120 1488 1324 1519 Herodotus
1352 1488 1413 1520 85.
1446 1496 1522 1530 sqq.
1560 1489 1706 1522 scholae

353 1534 397 1565 de
422 1535 568 1565 historia
592 1533 648 1563 97.
676 1536 900 1571 comparatur
924 1540 1000 1563 cum
1025 1532 1271 1564 Valckenario
1297 1534 1353 1565 86.

284 1579 485 1613 vvolfianae
522 1578 763 1618 philosophiae
799 1577 946 1608 studium
987 1577 1075 1617 apud
1114 1578 1310 1609 Germanos
1349 1579 1450 1610 bonis
1487 1578 1603 1610 literis
1640 1587 1707 1611 no·

353 1626 424 1656 cuit
445 1622 524 1655 111.

284 1669 439 1702 Wolfius
465 1670 539 1707 (Fr.
565 1665 675 1707 Aug.)
702 1668 847 1698 Homeri
880 1667 1067 1698 editionem
1100 1668 1192 1700 dicat
1222 1668 1434 1700 Ruhnkenio
1457 1667 1545 1700 214.
1586 1669 1710 1701 cathe-

354 1716 451 1746 dram
476 1714 809 1754 Lugdunobatavam
844 1713 1003 1751 repudiat
1032 1711 1111 1744 215.
1149 1716 1224 1744 eius
1256 1722 1333 1745 cum
1358 1713 1501 1745 Ruhnk.
1531 1721 1709 1746 commer-

354 1762 445 1791 cium
478 1760 574 1790 liter.
608 1758 686 1789 232.
733 1761 857 1799 script.
891 1759 933 1789 de
963 1758 1166 1789 Ruhnkenii
1206 1759 1336 1791 celebri
1378 1758 1526 1800 quodam
1564 1762 1708 1800 reperto

353 1804 517 1836 literario
542 1802 621 1835 128.
646 1804 733 1834 adn.

287 1849 587 1891 XVyttenbachius
613 1846 732 1888 (Dan.)
759 1847 847 1886 patri
872 1854 948 1885 suo,
975 1848 1109 1885 optimo
1134 1849 1226 1886 viro,
1252 1849 1435 1880 literarum
1459 1856 1617 1880 amorem
1642 1857 1708 1881 ex-

356 1895 565 1934 colendique
590 1894 719 1934 ingenii
746 1892 852 1923 debet
875 1894 973 1923 initia
998 1890 1074 1922 165.
1108 1893 1290 1932 epistolam
1316 1896 1476 1924 criticam
1500 1893 1543 1924 ad
1568 1894 1706 1926 Ruhnk.

356 1940 480 1971 scribit
503 1947 651 1978 eumque
676 1937 741 1968 sibi
766 1937 935 1968 conciliat
953 1935 1028 1967 148.
1043 1944 1119 1977 sqq.
1148 1938 1355 1977 Lugdunum
1374 1939 1583 1970 Batavorum
1610 1940 1709 1970 venit

355 1985 473 2025 ibique
505 1991 633 2014 annum
667 1984 731 2013 fuit
763 1984 795 2012 iu
829 1982 968 2012 scholas
990 1984 1170 2013 ventitans
1193 1983 1396 2014 Ruhnkenii
1422 1987 1456 2014 et
1479 1983 1709 2015 Valckenarii

355 2028 433 2060 152.
471 2036 526 2069 sq.
573 2027 875 2059 Amstelodamum
909 2028 1036 2064 migrat
1080 2031 1115 2058 ct
1159 2029 1237 2058 inde
1274 2028 1479 2069 Lugdunum
1518 2037 1710 2062 successor

356 2074 498 2106 Ruhnk.
519 2073 594 2104 153.
616 2072 945 2114 ¹qussibliothecam
965 2071 1132 2103 Criticam
1157 2073 1314 2104 scribere
1339 2075 1487 2104 instituit
1514 2073 1588 2104 170.
1616 2074 1710 2106 ode-

356 2121 426 2150 rici
458 2121 637 2150 scenicam
672 2117 902 2148 Didascaliam
935 2116 1161 2148 censet-171.
1200 2118 1402 2150 Ruhnkenii
1433 2121 1644 2150 auctoritate
1672 2121 1707 2150 in

356 2164 497 2196 Batava
521 2168 618 2195 terra
643 2164 821 2194 retinetur
844 2160 920 2192 173.
952 2160 1002 2200 cs.
1028 2161 1105 2192 175.
1145 2171 1165 2193 a
1190 2164 1331 2194 Ruhnk.
1359 2166 1454 2194 vitae
1479 2165 1587 2204 ipsius
1611 2166 1708 2195 noti-

357 2211 441 2241 tiam
467 2213 502 2240 et
525 2213 737 2249 argumenta
771 2208 857 2246 petit
889 2208 1035 2246 eiusque
1067 2215 1127 2237 res
1152 2212 1317 2239 accurate
1342 2216 1561 2250 cognoscere
1592 2210 1710 2240 studet

359 2254 437 2286 189.
467 2254 631 2286 adiutore
665 2253 874 2284 Ruhnkeuio
914 2253 1023 2282 utitur
1062 2254 1096 2282 in
1128 2253 1263 2284 edendo
1296 2254 1489 2286 Plutarcho
1527 2255 1600 2285 198.
1629 2253 1708 2284 212.

358 2299 436 2330 237.
473 2300 624 2330 oblatam
650 2299 850 2329 cathedram
879 2297 986 2337 Lngd.
1011 2297 1199 2337 aliquoties
1225 2300 1386 2338 repudiat
1409 2297 1492 2331 190.
1516 2298 1594 2330 215.
1629 2303 1710 2330 tan-

358 2344 437 2376 dem
468 2345 597 2382 accipit
627 2344 707 2374 276.
739 2352 790 2384 sq.
831 2342 1074 2373 Ruhnkenium
1105 2347 1351 2383 aegrotantem
1392 2346 1512 2375 invisit
1545 2343 1624 2374 275.
1657 2352 1709 2385 sq.

359 2388 626 2430 Wyttenbachii
650 2390 771 2420 oratio
796 2387 840 2418 de
863 2387 1111 2419 adolescentia
1129 2389 1329 2420 Ruhnkenii
1353 2390 1419 2420 etc.
1436 2398 1521 2429 pay.
1538 2388 1710 2420 emhuius

359 2432 393 2465 1.
434 2436 510 2465 eius
540 2438 732 2474 praecepta
765 2432 1008 2472 philosophiae
1040 2433 1177 2474 logicae
1201 2433 1280 2464 217.
1310 2435 1394 2465 adn.
1435 2435 1509 2465 eius
1539 2433 1641 2465 dolor
1666 2441 1710 2464 ex

361 2480 455 2510 obitu
480 2479 621 2510 Ruhnk.
648 2478 679 2509 1.
706 2481 740 2510 3.
765 2480 850 2508 item
877 2486 920 2509 ex
944 2484 1166 2517 praematura
1190 2483 1307 2511 morte
1333 2480 1447 2519 neptis
1472 2480 1505 2509 3.

293 2521 508 2564 Xenophon:
539 2526 616 2556 eius
641 2524 880 2555 Memorabilia
905 2523 960 2554 ed.
986 2524 1174 2554 Ernestius
1199 2533 1277 2555 cum
1309 2525 1479 2556 adnotatt.
1506 2522 1650 2554 Ruhnk.
1676 2527 1710 2555 et

362 2569 576 2600 Valckenar.
601 2566 679 2600 154.
703 2577 776 2610 sqq.
812 2570 884 2600 eius
907 2568 1007 2599 locus
1031 2567 1109 2598 211.
1145 2570 1351 2600 Ruhnkenii
1375 2570 1418 2600 de
1441 2569 1711 2608 Xenophonteis

362 2616 398 2644 et
422 2614 612 2646 Platonicis
637 2615 787 2654 dialogis
811 2613 978 2644 iudicium
1001 2613 1080 2644 241.
1106 2614 1196 2654 quod
1220 2622 1333 2654 genus
1359 2615 1562 2646 venationis
1587 2614 1708 2654 prodi·

361 2658 454 2689 derit
477 2659 568 2690 Xen.
595 2658 672 2690 271.
698 2668 748 2699 sq.

294 2703 500 2734 zenodotus
524 2705 674 2743 insignis
699 2703 851 2736 Criticus
875 2702 932 2734 50.

294 2747 429 2781 Zeuxis
452 2749 567 2789 pictor
589 2747 667 2780 120.

864 2799 1139 2811 ᾗ.
