1816 3233
705 149 1007 189 —155—

149 263 462 299 satisfacturum:
510 265 589 298 tum
637 264 842 298 interiecto
888 267 1058 307 tempore
1108 263 1204 298 satis
1246 263 1382 311 longo,
1418 263 1555 298 iterum

149 320 196 354 ab
244 318 367 353 arnico
410 318 654 363 admonitus,
700 320 735 354 ei
773 318 908 354 scribit
947 318 985 352 in
1031 318 1131 353 hane
1181 320 1264 353 fere
1303 319 1556 354 sententiam:

150 371 480 425 (buaridoqut'dem
509 375 603 409 milti
632 379 766 410 sancte
794 375 1006 422 promittis,
1039 378 1075 409 ce
1105 384 1284 410 meorum
1314 381 1464 421 curam,
1497 385 1557 410 me

146 434 314 475 mortuo,
346 434 623 475 suscepturum
634 442 651 475 ;
683 431 741 464 rei
754 428 1072 475 facultatumque
1091 439 1269 465 mearum
1291 432 1465 466 raciones
1488 431 1556 465 tibi

145 495 372 531 eoeponam:
416 495 480 521 res
509 495 618 520 meae
647 490 740 521 sunt
766 486 856 520 illae
883 495 1034 531 parvae
1064 487 1233 531 quidem,
1266 487 1335 520 sed
1358 486 1548 532 liquidae:

147 552 220 577 uec
248 542 371 577 habeo
400 542 582 588 mullum,
608 551 680 576 nec
710 542 827 576 debeo
865 543 1107 587 quidquam:
1151 552 1223 576 nec
1257 542 1360 576 aliud
1393 541 1554 584 addens,

147 597 250 632 unde
281 598 428 632 amicus
459 597 506 630 de
537 600 617 631 toto
650 597 806 644 negotio
836 597 979 631 certior
1009 598 1133 644 fieret,
1165 600 1203 631 et
1233 598 1344 641 quasi
1367 597 1403 633 ei
1432 597 1555 632 satis-

146 652 328 692 fecisset,
367 652 414 687 ad
455 652 559 686 aliud
600 653 791 698 epistolae
831 656 1099 699 argumentum
1139 653 1291 688 transit.
1360 655 1453 688 Erat
1493 653 1556 688 cui

149 709 299 742 faveret
331 711 369 742 et
399 708 621 742 cathedram
652 708 691 743 in
722 708 1061 755 Lugdunobatava
1086 708 1298 742 destinaret
1328 709 1555 752 Academia,

147 763 322 808 quamvis
372 763 466 798 alibi
510 764 767 799 luculentiore
811 765 1033 800 conditione
1065 760 1282 810 fruenti:*)
1321 764 1368 799 de
1408 765 1480 799 hoc
1519 765 1554 799 ei

146 820 360 854 communis
400 820 548 854 amicus
586 829 654 864 per
692 820 819 855 iocum
853 821 1051 867 narrabat,
1094 819 1201 855 illum
1242 829 1287 855 eo
1326 820 1436 858 loco.
1482 829 1555 866 quo

146 877 270 916 esset,
313 885 557 921 mansurum,
601 875 700 920 qnod
740 875 794 910 ibi
834 886 913 910 rem
952 878 1100 911 faceret
1140 886 1187 910 ac
1228 876 1433 918 senectuti,
1466 876 1553 911 dum

148 931 314 977 vigeret,
345 930 520 965 subsidia
549 934 714 975 pararet.
761 933 856 967 Tum
878 932 974 977 ipse,
1006 932 1077 966 Dic·
1108 940 1221 966 omen
1251 930 1461 966 ‹ze-ercam!
1490 932 1554 966 in-

146 986 224 1030 quit
242 988 454 1032 :equidem
470 991 590 1022 antea
609 996 764 1033 semper
786 988 985 1022 liberalem
1001 988 1168 1022 hominis
1185 988 1363 1022 (mimum
1384 988 1554 1032 coynovi.

145 1042 309 1078 Omnino
341 1042 546 1078 videbatur
575 1043 846 1078 liberalitatem
885 1052 957 1077 non
996 1042 1107 1077 modo
1149 1043 1187 1077 in
1228 1046 1444 1085 contemtu,
1485 1044 1552 1077 sed

146 1098 183 1132 in
227 1097 487 1145 negligentia,
528 1098 750 1133 divitiarum
799 1107 968 1143 ponere:
1009 1108 1079 1134 nec
1122 1099 1316 1145 cogitare,
1357 1108 1430 1143 quo
1469 1098 1554 1143 ipse

144 1156 251 1188 esset
295 1154 341 1187 ad
375 1146 733 1199 beneficentiam**)
759 1155 1003 1199 propensior,
1034 1164 1078 1189 eo
1100 1155 1174 1189 sibi
1193 1155 1319 1200 magis
1341 1153 1552 1199 providen-
1572 1152 1648 1188 261

143 1209 234 1258 dum
263 1219 352 1243 esse
385 1213 424 1243 ut
458 1210 612 1244 haberet
643 1210 744 1244 unde
776 1210 864 1244 aliis
910 1210 1008 1244 bene
1041 1211 1203 1245 faceret.
1262 1211 1321 1244 lta
1352 1209 1456 1244 illam
1487 1209 1552 1244 in-

143 1265 252 1312 genii
283 1265 418 1310 aciem,
446 1274 558 1310 quam
589 1265 628 1300 in
660 1265 875 1300 Literarum
907 1265 1245 1309 doctrinarumque
1274 1274 1419 1311 genere
1449 1265 1554 1300 nulla

143 1321 253 1355 fraus
293 1324 332 1355 et
372 1321 612 1366 corruptela,
658 1321 710 1356 nil
751 1331 910 1366 pravum
943 1321 1176 1367 falsumque,
1210 1321 1337 1355 nullus
1369 1321 1478 1355 locus
1507 1321 1551 1355 li-

143 1377 262 1412 berve
292 1377 451 1421 spurius
481 1377 798 1422 suppositusque,
829 1377 995 1421 latebat,
1034 1377 1072 1412 in
1104 1376 1316 1412 eommunis
1346 1376 1449 1411 vitae
1479 1386 1553 1412 usu

143 1441 206 1467 res
237 1433 352 1467 etiam
382 1432 613 1468 manifestae
644 1434 818 1479 effugere
848 1432 1101 1478 videbantur,
1135 1443 1208 1467 non
1240 1432 1337 1477 quod
1369 1442 1436 1467 eas
1460 1442 1551 1467 eer-

145 1498 236 1523 nere
266 1498 338 1523 non
372 1492 518 1534 posset,
549 1489 614 1524 sed
649 1489 745 1533 quod
779 1488 1087 1523 animadvertere
1118 1488 1248 1523 nollet.
1306 1488 1428 1524 Cuius
1467 1488 1553 1524 sive

142 1545 449 1590 consuetudinis,
481 1545 566 1580 sive
597 1545 878 1591 negligentiae,
909 1554 1072 1579 caussas
1102 1544 1135 1578 si
1158 1544 1390 1589 quaerimus,
1422 1544 1553 1579 veris-

141 1599 261 1636 simas
293 1601 528 1646 reperiemus
566 1600 648 1636 has.
711 1601 760 1636 Ut
799 1600 885 1644 ipse
923 1602 1060 1634 natura
1090 1603 1174 1634 erat
1205 1599 1415 1642 candidus,
1455 1599 1553 1634 sim-

140 1655 243 1702 plex,
273 1659 447 1700 apertus,
478 1656 529 1691 ita
560 1659 597 1691 et
628 1656 724 1691 alios
757 1666 845 1691 esse
876 1655 1033 1700 primum
1066 1655 1261 1701 cupiebat,
1292 1655 1433 1690 deinde
1462 1664 1552 1700 spe-

141 1712 264 1756 rabat,
296 1711 463 1757 denique
495 1712 665 1756 putabat.
726 1713 821 1747 Erat
850 1711 1024 1746 liberalis
1053 1715 1169 1756 atque
1199 1711 1297 1746 adeo
1329 1711 1482 1755 patiens
1513 1710 1551 1745 in

140 1767 346 1802 audiendis
393 1768 555 1802 aliorum
603 1768 865 1811 sermonibus,
907 1777 1023 1811 quos,
1079 1767 1193 1801 etiam
1242 1776 1358 1811 quum
1398 1766 1553 1801 minime

141 1822 344 1874 crederet,
383 1832 551 1870 arguere
590 1833 638 1858 ae
678 1822 932 1868 disceptando
980 1822 1218 1865 diiudicare,
1269 1822 1472 1857 molestum
1516 1826 1554 1857 et

141 1878 332 1914 illiberale
363 1878 552 1923 ducebat3
584 1878 638 1913 ita
678 1888 795 1923 saepe
824 1878 954 1929 fiebat,
984 1884 1025 1914 ut
1055 1878 1121 1913 alii
1153 1880 1334 1923 putarent
1365 1887 1451 1913 eum
1482 1889 1553 1912 as·-

141 1934 300 1981 sentiri,
341 1935 405 1970 ubi
436 1934 623 1970 iudicium
654 1934 740 1978 ipse
770 1944 881 1968 suum
914 1933 1129 1968 cohibebat.
1191 1935 1331 1977 Porro,
1361 1933 1447 1978 ipse
1477 1942 1553 1967 ex·-

141 1989 328 2035 periundo
367 1993 608 2037 cognoverat
645 1988 914 2024 difficillimum
958 1999 1068 2034 esse,
1108 1989 1167 2023 vel
1211 1998 1284 2023 uno
1324 1988 1361 2022 in
1393 1998 1552 2035 genere,

138 2046 178 2080 in
219 2055 294 2090 quo
331 2046 544 2092 regnabat,
583 2045 621 2080 in
664 2044 848 2090 Antiqnis
879 2044 1046 2089 Literis,
1094 2044 1266 2079 iudicare
1297 2044 1387 2089 quid
1418 2054 1550 2079 verum

140 2104 266 2136 esset:
305 2100 428 2148 igitur
465 2101 499 2136 si
529 2100 566 2135 in
598 2100 702 2135 aliud
747 2110 876 2147 genus
916 2100 1189 2147 egrederetur,
1231 2111 1275 2135 eo
1313 2099 1387 2134 sibi
1425 2100 1551 2135 minus

140 2156 294 2202 fidebat,
325 2160 364 2191 et
394 2167 438 2192 eo
468 2157 594 2203 magis
626 2156 738 2202 aliis,
769 2157 894 2191 minus
934 2157 1049 2192 etiam
1090 2157 1173 2201 ipso
1216 2150 1370 2201 peritis,
1408 2156 1551 2191 erede-

138 2213 216 2248 bat.
275 2211 408 2247 Veluti
438 2212 784 2257 Iurisprudentiam
816 2211 1044 2247 adolescens
1079 2214 1334 2255 tractaverat,
1366 2221 1552 2256 suamque

139 2267 179 2303 in
210 2261 255 2303 ea
286 2268 511 2303 facultatem
551 2267 920 2314 intelligentissimis
956 2267 1152 2303 iudicibus
1191 2267 1423 2313 probaverat
1461 2267 1549 2302 edi-

141 2323 246 2358 tione
281 2324 347 2360 illa
390 2320 705 2369 Thalelaei:***)
754 2327 891 2369 postea
932 2324 1032 2359 hanc
1069 2324 1291 2359 facultatem
1330 2323 1426 2359 adeo
1477 2333 1548 2359 non

138 2478 165 2517 ’)
191 2480 268 2510 Non
300 2479 511 2518 intelligitur
534 2479 624 2510 alius
648 2479 718 2508 nisi
744 2479 818 2516 ipse
844 2478 1160 2518 Wyttenliaeliiiis3
1186 2485 1253 2508 nec
1277 2478 1406 2510 fefellit
1422 2479 1548 2509 Ruhn—

183 2524 325 2554 kenium
353 2523 509 2554 liberalis
535 2524 683 2553 hominis
710 2526 866 2555 animus.
892 2526 926 2553 ut
951 2522 1135 2562 praedicat
1161 2524 1388 2563 Bergnuanus.
1415 2522 1470 2554 Cf.
1496 2525 1550 2554 in-

182 2569 235 2599 fra
259 2568 336 2599 adn.
362 2570 403 2599 ad
430 2576 508 2609 pag.
532 2568 612 2598 277.
640 2568 711 2598 FB.

138 2621 180 2663 ⁸⁸)
207 2624 387 2661 Bergman.
413 2623 468 2653 ed.
494 2621 796 2663 beneficientiam:
824 2623 866 2652 de
898 2630 966 2661 qua
993 2624 1121 2653 vitiosa
1146 2622 1259 2654 forma
1278 2624 1345 2654 vid.
1373 2624 1487 2654 Beier.
1507 2624 1547 2653 ad

182 2666 255 2698 Cic.
280 2667 323 2699 de
346 2667 412 2699 Off.
434 2668 459 2705 l,
477 2669 509 2704 ⁹7,
532 2669 587 2697 2³0.
612 2675 693 2707 pag.
717 2667 772 2698 46.
793 2667 862 2696 Fn.

136 2720 199 2758 ”’)
226 2724 304 2754 Vid.
331 2731 437 2761 snpra
462 2733 492 2762 p.
517 2722 570 2752 47.
