1816 3233
852 204 1163 251 —212—

300 326 498 366 Dierquens
520 320 678 363 (Nicolai
702 317 760 359 de)
783 319 900 352 studia
923 321 1128 352 moderatur
1149 318 1385 352 Ruhnkenins
1407 317 1464 351 21.
1489 316 1575 350 adn.

299 369 478 403 Difficiles
501 369 662 397 veterum
685 366 900 405 scriptorum
924 366 995 398 loci
1019 373 1088 407 qua
1110 366 1254 397 ratione
1283 365 1355 396 sint
1385 363 1560 397 tractandi
1583 362 1639 395 36.
1661 365 1717 403 sq.

301 415 501 448 Difficultas
526 411 726 451 linguarum
749 415 913 443 veterum
933 410 993 442 26.

298 460 472 499 Diogenis
495 455 624 487 dictum
648 456 707 486 93.

299 504 471 543 Diogenis
494 501 629 532 Laertii
657 500 759 531 locus
784 500 984 533 defenditur
1006 498 1085 531 256.
1107 498 1196 530 ›adn-

298 548 477 586 Dionysia
500 553 529 575 s-
556 545 682 576 Bacchi
708 546 821 576 festa:
843 546 887 577 de
910 547 956 576 iis
975 545 1167 585 disputatio
1187 542 1391 576 Ruhnkenii
1406 537 1494 574 «222.
1517 539 1598 573 21¹7}-

298 593 456 624 Discenti
481 598 572 630 quae
594 591 666 620 sint
687 592 898 622 necessaria
921 590 954 621 7.

300 637 552 668 Dissensiones
575 635 700 666 civiles
723 636 761 666 in
785 636 933 667 Batavia
959 633 1037 667 180.
1063 641 1139 675 sqq.

298 683 435 714 Doctor
459 681 678 712 umbraticus
701 681 757 711 89.
781 688 859 721 sqq.
892 679 940 721 cf.
965 679 1045 711 126.

298 727 466 758 Doctoris
489 725 620 765 publici
644 725 762 757 officia
785 726 840 757 79.

297 773 490 804 Doctorum
507 772 665 802 virorum
690 773 886 810 proventus
904 771 939 801 in
950 769 1107 801 »Batavis
1124 767 1353 800 adolescente
1370 764 1582 798 Ruhnkcnio
1598 762 1720 804 mik-sq.

297 818 494 848 Doctrinae
517 816 711 847 necessitas
733 815 811 846 222.

299 862 537 894 Doeverenus
560 861 710 900 insignis
733 860 905 899 medicus,
929 859 1132 891 Ruhnkenii
1155 857 1295 899 collega
1319 858 1355 889 et
1377 855 1511 889 amicus
1537 853 1614 886 1¹75.
1644 853 1722 886 eius

370 915 469 938 mors
494 906 657 937 luctuosa
681 905 897 937 Ruhnkenio
924 904 1003 935 189.

301 951 520 984 D’Orvillius
543 949 598 980 21.
623 948 709 979 adn.

303 995 618 1029 Drakenborohius
642 993 701 1025 45.
766 1026 773 1033 x

302 1040 471 1073 Dukerus
494 1038 554 1070 45.
587 1039 665 1069 eius
697 1040 734 1069 et
765 1039 922 1070 Ernestii
955 1036 1108 1069 maxime
1141 1037 1315 1068 rationem
1345 1034 1495 1067 habebat
1519 1031 1663 1065 1ΒυἸιίἱι.
1688 1033 1723 1063 in

371 1083 554 1116 tradendis
580 1083 854 1122 Antiquitatibus
879 1082 956 1114 109.

302 1129 398 1161 Dum
422 1131 458 1160 et
485 1126 572 1159 c‘am
597 1126 676 1157 178.
1393 1165 1396 1168 Δ
1538 1162 1543 1167 .

302 1174 601 1212 Edenburgenses
626 1172 786 1203 Platonis
811 1179 939 1203 novam
965 1171 1153 1210 editionem
1177 1170 1368 1202 molientes
1390 1165 1469 1201 186.
1484 1167 1591 1199 »ea-tr.

303 1218 536 1250 Edwardsius
561 1217 642 1248 232.

302 1262 528 1295 Eichsladius
553 1261 661 1293 edidit
683 1260 884 1292 Ruhnkenii
907 1262 941 1291 in
966 1260 1193 1301 Antiquitatt.
1216 1260 1321 1292 Rom.
1337 1259 1536 1291 {sectiones
1556 1255 1728 1289 ‹Academ-

376 1307 449 1338 109.
478 1306 562 1336 adn.

305 1352 465 1384 Eldikius
488 1351 567 1381 232.

305 1398 475 1429 Elsnerus
499 1400 536 1426 et
558 1394 751 1433 Raphelius
782 1393 958 1425 dictiones
981 1394 1022 1425 N.
1047 1393 1090 1425 Τ.
1121 1393 1293 1434 appositis
1317 1392 1541 1425 Graecorum
1572 1391 1728 1431 scripto-

378 1449 453 1472 rum
479 1439 568 1470 locis
593 1439 860 1477 explicaverunt
885 1438 960 1469 117.

307 1484 517 1518 Emendatio
541 1491 664 1514 munus
688 1485 913 1522 praecipuum
938 1483 1089 1514 critices
1112 1482 1192 1514 234.

306 1525 502 1563 Euschedei
521 1526 676 1569 (loann.)
699 1528 887 1568 disputatio
902 1528 947 1560 de
963 1529 1102 1560 'rutelis
1119 1531 1155 1560 et
1165 1527 1371 1568 Insignibus
1388 1526 1539 1559 Navium
1555 1524 1634 1557 148.
1643 1523 1729 1557 adn.

310 1576 473 1614 Ephorus
497 1573 580 1604 236.
605 1573 691 1604 adn.

308 1620 576 1658 Epicharmeum
601 1618 732 1649 dietum
757 1618 837 1649 259.
1460 1628 1466 1634 .

307 1665 448 1704 Epicuri
475 1664 673 1694 orationem
698 1661 926 1701 reprehendit
950 1662 1207 1702 Aristophanes
1225 1662 1382 1702 *Byzanc
1406 1659 1485 1692 145.
1504 1659 1597 1692 adn.

311 1711 483 1741 Ernestus
507 1707 576 1744 (Io.
604 1706 712 1748 Aug.)
737 1706 951 1739 Ruhnkenio
981 1708 1194 1739 conciliatus
1228 1707 1320 1747 apud
1354 1706 1528 1738 {litterum
1557 1704 1615 1736 17.
1652 1704 1730 1736 eius

377 1754 542 1784 Narratio
568 1752 610 1783 de
634 1755 709 1783 vita
735 1752 886 1783 Gesneri
911 1752 987 1783 157.
1013 1751 1250 1784 Callimachus
1270 1750 1331 1782 41.
1355 1751 1503 1782 79—83.
1519 1749 1730 1791 *editio'Me-

377 1798 599 1829 motabilium
625 1796 851 1835 Xenophont.
887 1797 962 1828 155.
985 1804 1037 1837 sq.
1070 1797 1271 1828 Ruhnkenii
1302 1796 1349 1827 de
1379 1804 1423 1828 eo
1446 1795 1617 1827 iudicium
1634 1793 1729 1825 -114,

377 1849 453 1882 sqq.
486 1841 679 1873 annotandi
701 1842 922 1873 consuetudo
946 1843 980 1873 in
1005 1849 1049 1872 eo
1074 1842 1350 1872 desiderabatur
1372 1841 1431 1871 39.
1466 1842 1545 1872 eius
1569 1839 1732 1871 doctrina

378 1887 494 1927 qualis
523 1885 604 1918 219.
639 1887 767 1918 Latine
794 1885 977 1917 scribendi
1010 1886 1160 1918 facultas
1192 1884 1274 1917 115.
1297 1884 1376 1916 118.
1402 1884 1498 1916 eoetr.
1522 1884 1603 1915 228.
1634 1884 1730 1915 scri-

378 1931 500 1963 bendis
532 1931 744 1969 edendisque
777 1930 877 1961 libris
910 1930 1041 1962 dicitur
1071 1937 1154 1962 esse
1189 1931 1291 1961 dives
1323 1930 1438 1962 factus
1464 1928 1547 1960 264.
1587 1929 1664 1960 eius
1687 1929 1731 1959 in

377 1977 475 2006 omni
497 1976 641 2006 actione
663 1975 818 2005 facilitas
841 1974 922 2004 269.

311 2022 484 2052 Ernestus
508 2019 542 2050 et
565 2019 751 2050 Ernestius
777 2019 832 2050 17.
858 2019 944 2050 adn.

310 2065 489 2104 Euripidis
513 2072 659 2102 versus,
691 2073 759 2104 quo
791 2069 878 2094 usus
908 2066 965 2095 est
988 2062 1210 2104 Chrysippus
1240 2062 1322 2095 247.
1345 2062 1382 2095 et
1405 2062 1493 2095 adn.
1524 2063 1602 2095 eius
1635 2061 1735 2094 cele·
1789 2072 1792 2074 ’

381 2110 482 2141 brata
506 2110 683 2140 sententia
710 2109 785 2139 139.
811 2108 846 2139 et
869 2108 954 2140 adn.

312 2153 543 2193 Exspectare
564 2153 742 2183 iudicium
764 2152 844 2184 250.

312 2201 443 2231 Fabius
471 2197 543 2238 (Q.)
568 2198 739 2229 Maximus
754 2197 841 2229 ¹275.

311 2244 497 2275 Fabricius
520 2242 587 2283 (Io.
613 2243 707 2282 Alb.)
740 2243 784 2273 de
815 2243 964 2274 historia
993 2242 1178 2274 literarum
1203 2242 1427 2281 antiquarum
1456 2242 1588 2281 optime
1608 2241 1730 2273 'maxi-

381 2295 506 2327 meque
530 2288 680 2318 meritus
706 2286 784 2319 147.
814 2289 890 2319 eius
920 2289 954 2318 in
979 2287 1047 2318 hoc
1077 2293 1210 2327 genere
1232 2287 1417 2327 diligentia
1441 2292 1479 2319 et
1501 2289 1625 2327 copiae
1647 2285 1730 2318 225.

313 2331 494 2364 Facilitas
515 2332 597 2364 266.
623 2331 704 2363 adn.

314 2377 541 2417 Fageliorum
568 2384 655 2416 gens
680 2377 827 2407 illustris
859 2379 895 2408 et
919 2385 997 2408 cum
1022 2383 1068 2407 ea
1091 2375 1311 2408 consuetudo
1335 2376 1538 2409 Ruhnkenii
1561 2375 1622 2408 21.
1645 2375 1732 2408 adn.

311 2422 512 2453 Familiaris
535 2423 713 2452 sermonis
737 2422 884 2462 elegans
905 2423 1055 2453 imitatio
1083 2419 1162 2453 189.
1187 2421 1273 2452 adn.

311 2467 504 2497 Fischerus
528 2467 623 2504 Lips.
650 2467 782 2497 Timaei
806 2470 842 2498 et
866 2467 1039 2499 Moeridis
1063 2466 1180 2499 editor
1201 2467 1255 2500 60.

313 2509 484 2542 Foetores
505 2509 698 2542 verborum
721 2511 779 2542 82.

313 2556 466 2586 Formae
489 2556 688 2595 pulcritudo
713 2557 880 2595 quantum
903 2556 1028 2587 valeat
1050 2555 1106 2587 30.

310 2600 507 2632 Fortunam
532 2603 586 2632 sui
611 2602 735 2641 cuique
760 2608 880 2633 mores
895 2600 1057 2642 '‘fingunt:
1075 2601 1190 2632 'vetus
1215 2601 1345 2632 dictum
1355 2600 1426 2631 728.

309 2645 486 2677 Fraenum
510 2650 569 2677 aut
594 2647 748 2678 calcaria
778 2647 944 2678 adhibere
979 2645 1159 2686 discipulis
1191 2645 1294 2677 debet
1325 2645 1528 2686 intelligens
1557 2644 1731 2685 magister

377 2691 458 2721 236.
482 2690 516 2720 et
539 2690 626 2722 adn.

309 2735 528 2775 Fragmenta
550 2738 736 2775 poetarum
759 2736 920 2776 dispersa
950 2743 994 2767 ac
1025 2735 1169 2773 latentia
1186 2734 1420 2776 {investigare
1447 2736 1486 2767 οἱ
1506 2735 1730 2777 ’Μωυνθτθ,

377 2781 602 2820 praecipuum
625 2788 750 2812 munus
775 2780 931 2813 critices
955 2779 1032 2813 134.
1057 2779 1153 2812 eoetr.
