1833 3237
827 252 1107 291 —52—

274 373 418 415 passer,
447 372 553 403 certe
574 375 706 402 eorum
729 367 1050 403 commendationi
1079 367 1255 402 officeret
1279 365 1501 402 Ruhnkenii
1531 367 1681 402 lumen:

273 424 388 473 cuius
419 423 514 457 adeo
547 425 585 456 et
605 423 926 469 Fragmentorum
957 423 1191 458 ineditorum
1215 421 1482 457 collectionem
1512 426 1551 458 et
1580 421 1686 458 seri-

273 484 425 524 ptorum
465 477 641 513 codicum
687 478 917 514 collationes
955 479 1173 514 omissurus
1219 477 1347 512 fuisse
1383 478 1559 523 videtur,
1609 477 1686 513 nisi

278 534 436 570 Ernesti
469 533 633 568 vicisset
661 535 890 571 auctoritas.
951 536 1083 579 Atque
1122 544 1168 569 eo
1206 534 1375 579 pertinet
1415 533 1524 568 locus
1554 534 1616 569 bic
1645 533 1687 568 in

278 590 521 635 praefatione
567 586 905 637 flambergeri:*)
963 591 1088 637 „Nec
1135 589 1285 625 studuit
1330 591 1531 625 Gesnerus
1572 589 1695 624 valde

277 645 424 689 „multa
456 645 626 690 habere,
657 655 704 680 ne
734 656 797 681 res
828 646 944 692 longa
975 647 1107 688 fieret3
1151 651 1189 680 et
1220 646 1322 680 hanc
1350 647 1398 680 ob
1429 654 1609 680 caussam
1641 654 1690 679 ne

274 701 441 743 „oblatis
481 701 635 746 quidem
674 711 743 746 per
772 702 1047 737 Ruhnkenium
1079 703 1129 737 V.
1164 702 1218 740 ΕΙ.
1257 702 1369 736 cuius
1408 701 1610 747 ingenium
1651 702 1691 734 et

277 757 517 793 ..doctrinam
549 757 681 802 quanti
711 757 797 802 ipse
819 757 972 801 fecerit,
1005 767 1080 792 non
1112 767 1213 791 unus
1239 756 1348 791 locus
1379 756 1417 790 in
1451 757 1513 791 bis
1540 755 1691 801 Orphi-

272 813 359 860 „cis
391 812 588 858 declarat,
618 812 674 847 uti
706 812 853 856 voluit,
894 813 1024 857 potius
1055 822 1126 848 suo
1156 813 1278 847 solius
1309 812 1473 858 remigio
1504 821 1582 846 rem
1611 820 1692 857 ge-

273 877 409 911 .‚rere;
455 870 558 903 sorte
586 869 701 902 etiam
732 869 832 913 quod
865 860 1074 910 metuebat,
1106 878 1154 902 ne
1184 868 1259 902 sibi
1290 867 1417 902 simile
1447 868 1587 903 iterum
1616 876 1690 901 ac-

273 923 447 965 „cideret
498 923 597 968 quod
652 924 690 958 in
740 924 1007 969 scriptoribus
1056 924 1130 960 Rei
1178 923 1366 960 Rusticac
1424 925 1567 958 factum
1614 925 1688 958 est.

272 979 534 1030 „Ruhnkenio
563 983 688 1014 tamen
714 980 761 1015 V.
787 979 844 1015 Cl.
875 980 1066 1015 debentur
1095 981 1330 1026 Fragmenta
1360 979 1510 1014 inedita
1539 983 1577 1014 et
1604 974 1690 1014 col-

273 1034 392 1080 „tatio
425 1035 645 1070 Carminum
678 1035 931 1079 Orphicorum
964 1045 1049 1069 cum
1082 1035 1283 1069 codicibus
1325 1035 1449 1080 regiis
1486 1034 1690 1070 varisien-

270 1090 411 1137 „sibus
442 1091 585 1139 tribus,
634 1100 733 1134 quae
771 1090 810 1124 in
852 1090 1030 1125 manibus
1066 1090 1140 1124 viri
1182 1090 1500 1134 incomparabilis
1531 1088 1692 1124 Ernesti

273 1148 432 1190 ‚,erant,
472 1146 585 1180 cuius
616 1155 737 1180 suasu
778 1149 815 1180 et
847 1146 1013 1180 consilio
1045 1146 1208 1180 editioni
1240 1146 1508 1181 Gesncrianae
1538 1145 1692 1180 adiecta

271 1202 426 1244 ‚‚sunt.“
494 1201 756 1236 Ruhnkenius
792 1201 945 1246 quidem
986 1202 1069 1236 suis
1108 1201 1514 1236 animadversionibus
1557 1204 1693 1245 postea

270 1257 432 1291 alteram
464 1256 727 1301 Epistolarum
760 1257 992 1292 Criticarum
1025 1257 1234 1293 editionem
1265 1258 1387 1292 auxit.
1455 1255 1562 1298 Quod
1595 1256 1693 1291 atti-

272 1316 339 1347 net
370 1312 416 1346 ad
449 1312 673 1357 Scriptores
706 1313 778 1348 Rei
811 1313 1020 1349 Rusticae:
1052 1317 1203 1348 constat
1236 1313 1283 1347 ad
1317 1313 1449 1348 borum
1482 1312 1692 1347 editionem

273 1368 584 1414 locupletandam
618 1370 792 1404 Gesnero
825 1369 1096 1404 doctissimum
1128 1369 1291 1412 italum,
1322 1370 1460 1405 Iulium
1493 1367 1693 1404 Pontede-

272 1435 369 1474 ram,
401 1435 495 1459 suas
534 1424 895 1460 animadversiones
937 1425 1117 1476 dedisse,
1161 1426 1303 1460 deinde
1340 1425 1536 1461 obiecisse
1567 1424 1693 1459 eidem

273 1480 335 1515 vel
368 1481 651 1528 negligentiam
690 1480 728 1516 in
769 1481 819 1516 iis
857 1481 1021 1516 edendis
1061 1481 1123 1516 vel
1161 1482 1372 1527 perfidiam.
1432 1483 1489 1517 De
1519 1490 1594 1525 qua
1624 1479 1693 1514 lite

271 1540 314 1572 ut
354 1546 427 1572 non
472 1540 532 1571 est
574 1537 676 1582 quod
719 1537 828 1582 plura
865 1537 1064 1578 dicamus,
1105 1538 1159 1572 ita
1202 1538 1334 1573 facere
1372 1546 1443 1571 non
1486 1545 1695 1582 possumus

209 1588 367 1637 85quin
408 1592 538 1627 simile
580 1594 779 1639 negotium
828 1603 915 1628 cum
952 1594 1020 1628 illa
1057 1594 1282 1630 Rnlinkenii
1332 1597 1461 1628 aetate
1500 1592 1695 1636 rebusque

273 1648 524 1683 conium-tum
557 1659 827 1683 memoremus.

387 1705 538 1739 Novam
571 1705 756 1740 Herodoti
798 1704 1004 1740 editionem
1047 1705 1278 1740 instituebat
1310 1704 1630 1751 W'esselingius‚
1672 1713 1695 1737 a

272 1759 386 1794 cuius
429 1759 609 1795 doctrina
646 1770 731 1794 cum
775 1761 827 1794 nil
877 1761 951 1794 nisi
992 1761 1197 1808 egregium
1237 1765 1554 1805 exspectaretur,
1613 1764 1695 1794 tum

273 1814 319 1848 ad
364 1824 447 1849 eam
486 1815 524 1849 in
566 1816 638 1850 hoc
678 1825 794 1860 opere
836 1815 954 1850 veluti
988 1816 1167 1850 cumulus
1200 1816 1413 1851 accedebat
1441 1814 1695 1851 Valckenarii

272 1870 461 1905 doctrina.
520 1871 599 1905 lam
643 1869 728 1906 fieri
761 1880 835 1906 non
868 1875 1018 1915 poterat
1051 1872 1144 1916 quin
1186 1872 1224 1906 bi
1264 1872 1362 1917 viri,
1406 1871 1445 1906 in
1485 1870 1569 1916 pari
1609 1871 1694 1906 fere

272 1926 504 1961 eruditionis
534 1926 734 1968 facultate,
767 1927 803 1961 iu
837 1927 992 1961 easdem
1023 1937 1145 1971 saepe
1171 1928 1404 1973 sententias,
1433 1927 1694 1968 coniecturas,

271 1982 476 2017 citatorum
510 1991 560 2016 ex
591 1981 679 2016 aliis
701 1982 968 2027 Scriptoribus
999 1982 1173 2018 locorum
1205 1983 1434 2027 mentiones,
1465 1982 1697 2017 inciderent.

273 2039 311 2074 A
344 2041 479 2073 neutro
513 2038 785 2083 postulandum
827 2042 931 2080 erat,
972 2042 1014 2073 ut
1051 2049 1123 2073 sua
1153 2039 1334 2080 inventa,
1373 2038 1552 2084 quamvis
1582 2047 1693 2073 com-

273 2094 418 2137 munia,
450 2097 579 2128 tamen
611 2093 698 2138 ipse
728 2093 1012 2138 supprimeret,
1052 2094 1239 2139 socioque
1269 2095 1343 2130 soli
1374 2100 1566 2139 tamquam
1598 2102 1695 2139 pro-

271 2149 358 2194 pria
388 2149 640 2184 concederet:
681 2149 856 2194 iniquum
897 2154 1005 2193 erat,
1044 2154 1087 2184 ut
1129 2150 1228 2185 alter
1265 2151 1464 2196 acciperet
1493 2149 1696 2195 auxilium,

271 2204 447 2249 iniquius
480 2205 595 2240 etiam
627 2209 669 2240 ut
699 2205 798 2240 alter
838 2208 1080 2249 praestaret,
1117 2215 1203 2240 cum
1243 2217 1316 2241 sua
1355 2206 1441 2251 ipse
1473 2206 1600 2240 laudis
1629 2205 1695 2240 ia-

275 2264 398 2295 ctura.
459 2261 578 2296 Edito
609 2261 730 2303 libro,
763 2266 871 2296 erant
903 2261 990 2306 qui,
1032 2261 1166 2296 nescio
1196 2262 1310 2306 quid,
1341 2261 1389 2296 de
1424 2260 1695 2307 Wesselingio

274 2316 601 2363 suspicarentur,
640 2327 686 2352 ac
725 2317 759 2351 si
799 2317 833 2351 is
864 2316 1181 2352 Valckenariana
1212 2317 1398 2362 quaedam
1432 2317 1507 2351 sibi
1537 2325 1695 2351 assum-

275 2371 418 2406 sisset:
462 2371 603 2416 quibus
635 2373 949 2417 suspicionibus,
981 2376 1022 2407 ut
1053 2373 1159 2408 infra
1188 2373 1391 2418 utriusque
1422 2372 1573 2419 ingenii
1603 2372 1693 2406 ani-

275 2427 404 2472 mique
439 2427 745 2474 magnitudinem
788 2429 951 2473 positis,
993 2432 1130 2464 neuter
1171 2430 1405 2465 movebatur.
1465 2428 1696 2463 Valckena-

275 2483 358 2518 rius
391 2483 549 2527 quidem
582 2483 745 2519 moleste
775 2485 950 2530 ferebat,
999 2485 1130 2520 varias
1161 2485 1337 2521 codicum
1369 2484 1601 2530 scriptorum
1632 2483 1695 2518 le-

277 2539 428 2574 ctiones
461 2550 482 2573 a
515 2540 789 2588 wesselingio
822 2550 896 2576 non
928 2551 1059 2575 secum
1090 2540 1216 2576 fuisse
1247 2541 1565 2587 communicatas,
1596 2549 1695 2585 quas

276 2594 325 2637 si,
356 2598 446 2630 ante
478 2594 722 2641 conscriptas
753 2607 847 2631 suas
877 2596 1254 2641 animadversiones,
1295 2596 1522 2641 habuisset,
1563 2604 1694 2631 earum

277 2650 568 2695 comparatione
600 2652 718 2688 muito
750 2653 882 2697 plures
912 2653 1020 2688 locos
1051 2653 1310 2689 emendasset.
1382 2654 1430 2688 Et
1461 2661 1553 2687 vero
1586 2654 1712 2687 tanta³

277 2710 361 2742 erat
399 2706 438 2741 in
482 2707 681 2743 Herodoto
723 2709 885 2744 criticae
927 2709 1125 2745 facultatis
1168 2708 1413 2744 exercendae
1455 2708 1616 2743 materia
1656 2709 1693 2742 et

276 2829 307 2863 ⁶)
334 2826 443 2866 Orpli.
470 2827 523 2858 ed.
551 2827 697 2859 Gesner.
725 2829 836 2868 praef.
863 2838 942 2869 pag.
972 2829 1061 2859 vul.
1107 2828 1178 2860 FB.
