1833 3237
63 323 102 358 et
131 327 243 367 porro
272 327 422 366 augere
454 319 633 365 tuerique
664 320 817 356 volebat
847 321 1128 358 Ruhnkcnius:
1168 322 1255 374 qui,
1286 324 1326 358 ut
1355 333 1472 360 accr-

62 377 158 413 rimo
187 377 284 411 erat*
301 385 388 411 cum
411 375 535 411 omnis
564 376 689 421 pulcri
711 377 959 423 venustiquc,
991 380 1066 413 tum
1091 379 1254 415 Latinae
1284 379 1472 415 orationis

64 442 183 468 sensu
212 430 433 477 studioque,
462 432 517 467 ita
545 432 701 467 nolebat
730 442 773 467 se
803 433 984 468 continuo
1014 436 1268 480 extemporali
1298 445 1471 471 consue-

63 487 189 523 tudini
235 482 496 531 committere,
544 497 592 522 ne
629 487 720 532 quid
767 488 901 523 vitiosi
939 489 1122 526 traheret.
1138 486 1177 536 ⁴²)
1235 491 1472 527 Meminerat

60 543 159 579 illud
170 542 428 590 Thucydidis,
440 538 498 589 **)
519 544 665 589 peritia
686 544 877 589 timorem,
898 544 1097 590 imperilia
1115 547 1327 582 auclaciam
1343 545 1446 592 facil
1458 558 1469 580 .·

64 599 293 634 meminerat
315 599 489 634 homines
513 599 652 634 Latine
682 599 928 635 doctissimos
960 610 1010 636 ex
1038 604 1210 646 tempore
1231 603 1470 638 disserentes

64 655 259 690 haesitare
287 654 452 690 subinde
482 664 529 689 ac
567 654 808 701 subsistere,
846 656 945 701 quod
985 666 1121 692 nomen
1153 658 1364 694 verbumve
1394 658 1470 694 sibi

60 712 261 756 probatum
287 720 363 746 non
385 712 652 746 succurreret:
674 711 902 747 meminerat
927 712 1041 748 etiam
1061 714 1261 758 imperitos
1286 712 1472 750 audacter

15 779 18 782 ’
61 776 106 801 se
149 766 187 801 in
237 766 501 811 extemporale
549 769 688 802 ssumen
728 767 1007 815 coniicientes,
1062 769 1273 804 lutulentos
1317 769 1471 815 quidem

62 821 257 858 barbariei
286 825 325 857 et
354 821 608 857 inficetiarum
639 823 819 858 sordibus
848 820 1077 872 fluere,***)
1109 825 1179 859 sed
1204 826 1324 861 ssuerc
1343 829 1469 861 tamen

60 887 202 925 magno
233 881 272 912 et
301 886 372 911 suo
404 887 490 911 cum
520 878 685 921 strepitu
715 882 754 913 et
783 880 1022 914 audientium
1054 881 1206 925 plausu.
1262 882 1373 934 Ipse,
1405 879 1535 926 qui76

61 944 83 967 a
114 935 251 967 natura
280 932 335 967 ita
366 933 494 967 factus
525 935 653 979 esset,
690 936 733 968 ut
765 945 879 969 suum
909 937 947 969 et
977 936 1210 981 peritorum,
1242 947 1316 971 non
1346 937 1472 983 vulgi,

61 988 247 1025 iudicium
277 982 519 1034 sequeretur,
551 991 589 1023 et
621 988 675 1024 nil
705 990 832 1036 magis
862 991 1020 1037 fugeret
1051 1000 1162 1036 quam
1194 991 1366 1036 speciem
1397 992 1472 1026 ho-

47 1043 176 1080 minis
206 1044 349 1089 populo
379 1053 424 1079 se
466 1044 723 1090 venditantis,
760 1045 958 1082 iudicabat
996 1046 1119 1081 tutius
1161 1056 1251 1081 esse
1283 1049 1330 1082 ab
1362 1047 1472 1081 initio

61 1099 215 1145 quidem
245 1109 290 1134 se
319 1098 568 1146 adstringere
607 1100 753 1145 scripto
783 1110 894 1145 quam
925 1101 1093 1137 solutum
1132 1102 1292 1148 vagari:
1331 1111 1474 1138 memor

62 1154 312 1192 ciceroniani
350 1151 562 1202 moniti,†)
615 1155 812 1191 scribendi
855 1157 1139 1193 consuetudine
1178 1158 1474 1204 comparandam

61 1220 152 1246 esse
182 1210 482 1255 extemporalem
514 1210 670 1245 dicendi
701 1212 939 1258 facultatem,
972 1223 1096 1258 neque
1124 1223 1368 1259 quemquam,
1397 1213 1474 1249 nisi

61 1267 130 1303 diu
154 1265 392 1311 multumque
422 1264 664 1312 scriptitarit,
695 1267 810 1302 etiam
841 1267 876 1302 si
905 1278 949 1303 se
979 1269 1232 1304 vehementer
1261 1270 1300 1304 in
1331 1269 1474 1305 subitis

64 1321 303 1359 dictionibus
322 1322 567 1369 exercuerit,
598 1322 863 1358 admirabilem
884 1324 1078 1360 exsistere
1098 1328 1307 1361 oratorem:
1339 1327 1474 1361 contra

60 1389 247 1426 perverse
277 1377 421 1426 dicere,
451 1388 636 1424 perverse
659 1377 823 1415 dicendo
855 1380 1028 1416 homines
1058 1382 1246 1416 facillime
1271 1382 1473 1427 consequi.

61 1437 133 1472 Est
164 1445 257 1470 vero
291 1435 404 1470 etiam
436 1435 502 1470 ubi
532 1435 802 1471 detrimentum
833 1436 961 1471 adfert
998 1437 1168 1473 dictandi
1208 1438 1472 1481 consuetudo;

0 1510 6 1514 ν
63 1490 140 1527 nisi
174 1491 361 1538 magister
391 1490 538 1526 dictata
568 1491 774 1536 quotannis
804 1495 1032 1539 recenseat,
1063 1493 1248 1541 corrigat,
1279 1494 1475 1544 suppleat,

62 1547 110 1582 ad
131 1549 287 1591 captum
306 1546 545 1593 ingeniaque
562 1547 839 1593 discipulorum
858 1550 1139 1585 accommodet:
1172 1554 1253 1586 tum
1276 1560 1367 1586 vero
1390 1551 1475 1585 fre-

64 1605 228 1649 quenter
255 1602 402 1647 aliquid
434 1613 483 1638 ex
506 1606 678 1648 tempore
697 1604 869 1652 adiiciat,
900 1605 1263 1651 argumentationis,
1294 1605 1476 1650 exempli,

64 1658 388 1704 amplificationis,
423 1658 486 1693 vel
517 1658 565 1692 ad
596 1659 880 1705 explicandum,
911 1661 973 1694 vel
1003 1660 1051 1694 ad
1071 1661 1358 1705 illustrandum,
1389 1661 1474 1695 sive

64 1714 112 1750 ad
142 1713 304 1749 rationis
337 1723 478 1748 nexum
509 1713 862 1762 demonstrandum,
893 1715 979 1750 sive
1009 1716 1056 1749 ad
1088 1726 1203 1750 usum
1233 1717 1338 1750 vitae
1369 1715 1473 1750 alia-

64 1780 200 1806 rumve
230 1768 544 1814 disciplinarum
577 1779 652 1814 quo
682 1770 810 1816 magis
829 1771 1054 1815 certiusque
1084 1770 1330 1817 intelligatur
1360 1780 1475 1815 quam

63 1825 201 1872 quovis
221 1824 312 1863 loco
343 1824 574 1859 sententiam
606 1824 774 1860 habeant
804 1824 962 1870 dictata,
994 1835 1105 1870 quem
1138 1827 1330 1873 fructum,
1362 1836 1475 1871 quam

62 1881 141 1917 late
179 1882 347 1927 pateant.
404 1881 465 1915 Ita
511 1879 687 1916 solebant
727 1881 1048 1916 Hemsterhusius
1095 1886 1134 1916 et
1171 1882 1474 1927 Valckenarius,

64 1936 314 1982 eamdemque
352 1935 455 1971 viam
492 1935 789 1982 ingrediebatur
827 1936 1101 1972 Ruhnkenius.
1158 1937 1247 1972 Nisi
1287 1937 1390 1973 enim
1421 1937 1476 1973 ita

65 1993 134 2038 fit3
164 1986 380 2036 discipulus
412 1990 593 2035 paulatim
624 1991 662 2025 in
695 2000 777 2025 eam
809 1990 1027 2035 opinionem
1058 1991 1264 2040 inductus,
1294 1996 1336 2029 ut
1366 1995 1476 2039 putet

65 2058 215 2084 omnem
245 2045 404 2081 scholae
432 2045 600 2081 fructum
633 2046 748 2081 unice
778 2046 817 2080 in
850 2046 1007 2082 dictatis
1036 2048 1204 2092 positum
1235 2059 1344 2094 esse,
1387 2058 1476 2084 mox

65 2104 237 2139 officium
267 2102 306 2137 in
331 2101 504 2136 scholam
532 2101 748 2137 ventitandi
770 2102 950 2150 negligit,
982 2103 1127 2138 dictata
1157 2114 1180 2138 a
1209 2105 1475 2149 condiscipulo
1487 2108 1543 2145 77

67 2158 304 2195 commodata
325 2156 426 2192 domi
443 2157 643 2205 describit,
674 2161 805 2193 servat
827 2169 874 2193 ea
893 2161 935 2193 ut
964 2160 1118 2207 κτῆμα,
1151 2170 1226 2195 non
1248 2163 1288 2195 ut
1315 2161 1474 2209 χρῆμα,

66 2213 249 2259 mancipii
268 2213 365 2259 loco,
394 2222 469 2248 non
492 2213 542 2248 ad
561 2223 687 2261 usum,
719 2223 868 2248 omnem
898 2214 1066 2259 denique
1096 2215 1273 2250 discendi
1305 2217 1474 2252 fructum

65 2270 216 2316 perdit:
246 2268 435 2316 magister
465 2269 611 2305 sensim
640 2269 737 2304 adeo
766 2269 813 2304 ab
845 2270 1098 2314 extemporali
1129 2270 1319 2306 facultate
1349 2272 1475 2307 abdu-

65 2326 187 2373 citur,
222 2327 266 2361 ut
297 2335 344 2361 ne
373 2325 535 2363 verbum
565 2324 719 2373 quidem
751 2324 826 2360 nisi
857 2324 905 2360 de
935 2325 1080 2371 scripto
1111 2326 1285 2372 proferre
1314 2327 1477 2364 audeat:

67 2477 96 2520 ⁸)
117 2480 215 2510 Haec
245 2486 291 2509 ne
324 2485 492 2517 perverse
525 2477 727 2517 intelligas,
758 2485 907 2512 necesse
931 2481 986 2512 est
1008 2481 1239 2514 conferantur
1262 2478 1363 2521 'qnae
1396 2489 1477 2512 mox

110 2523 275 2556 dicuntur
300 2530 379 2563 pag.
404 2531 454 2562 sq.
480 2523 516 2554 et
540 2522 594 2554 96.
620 2523 677 2553 ed.
705 2531 754 2561 pr.
802 2523 874 2555 FB.

65 2576 113 2615 ’Ἴ
134 2578 179 2652 {L
203 2578 258 2611 43.
284 2580 332 2610 ita
357 2577 575 2609 reddidimus
593 2578 693 2620 illud,
716 2576 860 2618 ἀμαθία
883 2579 946 2618 μὲν
972 2578 1114 2624 θράσος,
1136 2577 1297 2620 λογισμὸς
1320 2580 1356 2612 δὲ
1380 2577 1478 2613 ὅσον

173 2634 212 2654 Eb-

67 2633 132 2712 ως
151 2634 394 2716 εῐοτειῐὶειυιιιιι,
418 2677 461 2708 de
486 2678 624 2709 Lucilio
651 2679 768 2718 poeta,
791 2680 864 2709 Sat,
888 2679 914 2719 l,
939 2678 970 2719 4,
998 2679 1051 2710 tt.
1093 2678 1211 2716 Quum
1228 2680 1361 2721 flueret
1378 2680 1478 2711 lutu-

112 2721 232 2752 lentus
255 2737 298 2743 ——
323 2726 444 2753 notum
468 2725 522 2752 est
547 2724 719 2754 omnibns.
768 2724 841 2754 ΡΒ.

70 2773 114 2817 5⁴)
140 2775 194 2806 De
218 2774 380 2816 Oratore,
403 2777 429 2817 1,
453 2776 508 2808 33.
