1833 3237
692 198 969 239 „91-

245 310 372 358 Igitur
402 321 475 348 non
506 312 653 348 diutius
685 324 827 349 vanum
853 312 1087 348 desiderium
1120 314 1264 360 ferens,
1295 313 1334 350 in
1365 312 1531 349 animum

134 367 271 404 induxi
300 368 424 414 primo
454 379 605 416 quoque
645 373 813 415 tempore
844 380 903 405 me
934 369 981 404 ad
1014 369 1087 405 viri
1127 370 1298 405 notitiam
1343 371 1532 416 prot'erre,

134 424 339 460 scribendo
370 426 415 461 ad
448 436 531 461 eum
564 425 789 471 edendoque
821 425 961 460 libello.
1021 427 1150 461 Sumsi
1181 426 1396 474 Iulianum,
1444 435 1533 461 mox

135 481 406 527 Plutarchum,
445 483 620 528 aliosque
658 482 763 517 illius
793 483 933 517 aetatis
974 482 1228 527 philosophos
1260 488 1298 518 et
1327 483 1532 524 Rhetores‚

133 546 231 582 quos
273 548 324 573 ex
349 538 559 584 Antiqui-Q
592 537 630 572 in
662 538 793 583 primis
826 538 1016 582 Platone,
1048 539 1319 586 emendarem,
1357 538 1533 584 exemplo

133 593 258 638 ipsius
280 594 501 629 Ruhnkenii
531 594 570 629 in
585 594 1002 630 Animadversionibus
1022 594 1068 629 ad
1093 595 1290 630 Timaeum
1323 595 1534 641 proposito.

133 649 296 685 Biennio
328 654 461 696 postea
491 649 721 697 Goetingam
750 651 851 694 veni,
882 661 1099 696 operaeque
1131 651 1293 696 pretium
1326 652 1416 696 feci,
1447 660 1534 686 cum

134 705 311 752 legendis
350 707 513 742 Graecis
558 707 823 752 scriptoribus
853 707 1172 753 scriptorumque
1203 707 1441 743 editionibus
1472 707 1534 752 iis,

133 762 273 806 quibus
314 763 442 800 adhuc
481 773 600 810 aegre
630 773 842 809 carueram,
891 767 969 798 tum
1008 774 1100 799 vero
1139 764 1254 799 ctiam
1293 763 1535 799 conciliando

132 818 230 854 meis
277 819 417 854 studiis
462 819 634 863 Heynio:
681 820 765 864 qui,
813 830 926 864 quum
970 820 1174 856 consilium
1215 820 1250 854 ei
1295 820 1535 865 aperuissem

135 884 272 917 meum,
304 885 363 909 me
395 878 611 910 currentem
643 874 833 919 incitavit,
875 886 1034 911 narrans
1066 877 1155 920 quid
1186 876 1260 922 ipsi
1287 877 1407 912 officii
1437 885 1535 923 gra-

132 929 285 974 tiaeque
315 940 400 965 cum
431 931 667 966 Ruhnkenio
697 931 978 967 intercederet:
1020 932 1189 977 addens,
1229 943 1273 967 se
1304 943 1372 978 per
1402 933 1536 967 literas

132 995 257 1021 meum
307 986 342 1021 ei
391 986 561 1022 libellum
611 987 987 1023 commendaturumz
1036 987 1152 1033 idque
1194 998 1282 1023 mox
1328 988 1534 1034 praestitit.
1549 981 1630 1019 152

132 1043 337 1078 Caeterum
368 1042 629 1079 Ruhnkenius
669 1048 708 1078 et
739 1044 905 1079 nondum
937 1044 1020 1079 viso
1051 1054 1135 1080 meo
1165 1043 1321 1091 libello,
1362 1044 1408 1079 ad
1441 1044 1539 1079 lite-

133 1108 197 1133 ras
236 1109 342 1134 meas
374 1099 650 1135 humanissime
686 1100 901 1144 respondit:
940 1104 977 1136 et
1007 1105 1168 1145 accepto
1200 1100 1397 1145 lectoque,
1441 1100 1538 1135 adeo

133 1154 227 1189 mihi
267 1159 441 1190 amanter
471 1155 650 1201 scripsit,
691 1157 730 1201 Ἴ
761 1156 856 1191 adeo
888 1156 1128 1191 adalaudem
1162 1157 1395 1201 honorifice,
1441 1155 1538 1191 adeo

134 1211 236 1245 omni
276 1220 359 1245 mea
400 1222 490 1256 spe,
522 1212 723 1259 opinione,
756 1213 910 1256 merito,
951 1213 1205 1259 cumulatiuS,
1250 1216 1289 1247 ut
1330 1213 1382 1248 nil
1421 1222 1539 1257 supra

134 1276 224 1301 esse
265 1270 408 1311 posset.
468 1269 594 1313 Saepe
634 1268 671 1303 in
707 1269 927 1303 memoriam
969 1269 1084 1303 redeo
1116 1269 1201 1303 eius
1232 1268 1332 1313 diei,
1372 1278 1445 1313 quo
1478 1268 1540 1303 die

135 1322 206 1358 has
235 1323 370 1373 accepi
400 1323 555 1358 literas:
596 1327 636 1359 ut
665 1334 733 1359 eas
763 1324 861 1372 legi,
893 1324 1036 1371 relegi,
1079 1324 1328 1359 exosculatus
1358 1335 1463 1360 sum:
1498 1327 1539 1359 ut

135 1389 195 1414 me
234 1389 302 1425 per
331 1379 550 1424 complures
589 1380 774 1426 deinceps
805 1381 890 1415 dies
932 1380 1113 1416 insolitus
1154 1380 1307 1425 quidam
1348 1391 1420 1416 nec
1449 1382 1539 1416 stu-

132 1435 217 1481 pori
248 1435 468 1486 dissimilis,
501 1436 652 1471 fatebor
683 1437 798 1482 enim,
830 1437 1005 1482 placidae
1036 1437 1246 1483 voluptatis
1277 1438 1440 1472 affectus
1472 1439 1538 1472 te-

135 1491 231 1527 nuit.
288 1492 374 1527 Nec
403 1492 552 1529 mirum.
602 1493 792 1529 Diuturna
823 1498 986 1538 quatuor
1016 1503 1199 1528 annorum
1233 1493 1540 1539 exspectatione,

135 1553 175 1583 et
205 1548 316 1593 quasi
346 1548 462 1583 animi
493 1550 777 1601 cqntractione,
823 1550 951 1584 subito
982 1550 1174 1585 solvebar.
1232 1550 1435 1585 Neminem
1465 1549 1541 1584 ad-

135 1603 213 1639 huc
243 1604 474 1650 habueram,
522 1605 587 1650 qui
618 1616 739 1647 meam
770 1615 923 1651 operam
962 1609 1225 1652 agnosceret:
1268 1616 1414 1651 paucos
1445 1615 1540 1651 par-

134 1669 280 1705 cosque
323 1660 563 1696 laudatores:
600 1662 740 1696 multos
771 1662 844 1696 mei
875 1661 995 1697 studii
1035 1662 1359 1706 reprehensores,
1403 1664 1445 1696 ut
1473 1661 1540 1696 in-

135 1716 243 1752 utilis
273 1716 322 1751 ad
354 1717 456 1752 vitae
481 1727 610 1754 usum:
642 1727 790 1753 omnem
820 1728 926 1763 spem
958 1728 1206 1763 reposueram
1239 1718 1285 1752 ad
1317 1717 1412 1753 illud
1436 1720 1539 1752 tem-

134 1783 220 1818 pus,
251 1782 325 1818 quo
368 1783 488 1808 meam
520 1782 672 1818 operam
703 1774 958 1818 Ruhnkenio,
1004 1773 1285 1818 Valckenario,
1331 1773 1540 1818 horumque

134 1828 345 1864 simillimis
365 1828 462 1864 viris
494 1829 733 1880 probassem,
767 1830 959 1874 huiusque
979 1829 1106 1865 laudis
1139 1829 1432 1874 exspectatione
1454 1840 1542 1864 om-

137 1895 220 1920 nem
252 1888 292 1921 et
320 1884 464 1920 laboris
495 1885 569 1920 mei
595 1895 815 1920 aerumnam
839 1890 876 1921 et
902 1886 1162 1930 imperitorum
1193 1886 1538 1931 reprehensionem

135 1941 404 1977 toleraveram.
465 1942 581 1977 Nunc
623 1945 888 1987 exspectatum
920 1941 1014 1976 illud
1047 1945 1199 1987 tempus
1229 1941 1382 1985 aderat,
1422 1945 1460 1978 et
1491 1952 1540 1977 u-

135 1997 339 2033 berrimum
371 1997 498 2032 laudis
529 1996 723 2040 animique
754 1999 920 2032 fructum
952 1997 1165 2032 adt'erebat.
1226 1998 1405 2032 Proximo
1443 2008 1542 2033 anno

135 2052 301 2099 (1770.)
332 2053 565 2099 Lugdunum
598 2053 700 2090 veui.
738 2053 833 2096 Quis
865 2063 971 2088 meus
1002 2053 1122 2089 suerit
1152 2064 1293 2088 sensus
1324 2054 1371 2088 ad
1399 2054 1542 2090 Ruhn-

138 2109 244 2144 kenii
273 2109 605 2154 Valckenariique
635 2109 882 2154 adspectum,
920 2119 1015 2154 quos
1046 2110 1187 2145 absens
1219 2113 1262 2145 ut
1292 2111 1395 2145 Deos
1427 2111 1540 2145 colu-

137 2175 261 2209 eram,
306 2164 412 2200 dictu
444 2168 505 2200 est
534 2165 714 2201 difficile:
759 2166 960 2201 difficilius
995 2166 1130 2210 etiam,
1176 2177 1275 2210 quae
1306 2176 1390 2200 mea
1422 2166 1541 2201 fuerit

135 2220 358 2265 admiratio,
403 2231 518 2266 quum
559 2225 702 2257 tantam
747 2222 986 2257 divinitatem
1028 2233 1113 2257 cum
1160 2225 1265 2256 tanta
1305 2222 1540 2257 humanitate
1559 2224 1638 2260 153

136 2277 382 2312 coniunctam
435 2277 629 2319 videreim
678 2279 944 2324 Cognoveram
998 2281 1111 2313 antea
1161 2278 1248 2313 aliis
1297 2278 1335 2313 in
1387 2278 1539 2324 populis

137 2335 407 2379 Professores,
439 2334 505 2378 qui
532 2335 634 2379 apud
665 2333 877 2378 discipulos
908 2336 947 2369 et
976 2334 1234 2381 indoctiores,
1277 2344 1394 2379 saepe
1425 2335 1539 2370 etiam

136 2390 236 2436 apud
268 2399 390 2435 aeque
419 2389 554 2425 doctos
584 2401 630 2425 ac
661 2390 876 2435 doctiores,
905 2391 1112 2437 gravitatis
1145 2394 1182 2426 ct
1209 2390 1434 2426 reconditae
1465 2402 1539 2426 cu-

136 2446 287 2481 iusdam
329 2445 544 2491 sapientiae
582 2446 751 2491 speciem
790 2447 1031 2484 affectarent.
1090 2447 1206 2482 Tales
1247 2457 1321 2494 ego
1346 2447 1540 2482 ‘homines

138 2512 342 2548 numquam
382 2503 486 2537 ferre
525 2504 707 2548 poteram.
767 2502 843 2538 Sed
883 2505 1029 2549 tamen,
1071 2514 1216 2538 mecum
1257 2503 1342 2548 ipse
1383 2504 1539 2551 cogita-

141 2559 247 2604 bam,
290 2559 326 2593 si
357 2558 504 2594 ferendi
535 2562 625 2594 sunt
655 2559 721 2594 isti
752 2568 891 2606 moreS,
924 2559 963 2594 in
995 2560 1090 2594 solis
1121 2569 1188 2595 eos
1220 2552 1339 2594 feram
1371 2560 1540 2608 Lugdu-

140 2615 341 2650 nobatavis
382 2615 619 2651 duumviris:
660 2615 721 2651 his
751 2614 982 2661 concedam3
1025 2616 1062 2652 hi
1105 2617 1139 2651 si
1180 2616 1349 2663 faciant,
1387 2619 1540 2652 sumant

137 2791 167 2830 ⁸)
193 2794 332 2824 Literas
356 2793 508 2832 prodidit
533 2795 691 2825 Matinius
719 2793 789 2824 Vit.
816 2793 999 2832 wyttenb.
1036 2803 1065 2833 p.
1092 2793 1147 2824 79.
1195 2793 1426 2825 BERGMAN.
