1816 3233
495 559 921 626 INDEX
982 559 1111 626 Π.

94 672 523 764 ADNOTATIONUM
560 708 903 764 CRlTlCARUM
937 727 999 760 ET
1036 710 1513 769 GRAMMATICARUM

463 953 640 1005 Paginae
669 959 760 994 sunt
789 955 907 994 huius
941 955 1139 995 editionis.

90 1211 126 1243 A
146 1210 309 1251 positum
330 1209 392 1243 ubi
415 1211 524 1244 malis
553 1221 597 1244 ex
621 1211 702 1245 207.
741 1221 764 1245 a

134 1258 258 1297 pueris
282 1255 362 1288 177.
398 1265 421 1289 a
453 1259 588 1289 teneris
620 1256 707 1290 ibid.
743 1267 764 1290 a

133 1305 278 1342 tenero,
302 1303 375 1333 iam
399 1310 422 1334 a
446 1306 572 1335 tenero
596 1301 683 1334 ibid.
719 1302 762 1334 ab

114 1347 357 1379 *incunabulis
392 1348 476 1380 200.
519 1348 562 1380 ab
596 1357 661 1380 ore
693 1349 763 1380 ali-

132 1394 232 1424 cuius
255 1392 413 1432 pendere
440 1393 519 1424 172.
542 1393 629 1424 haud
654 1394 698 1426 ab
721 1402 763 1425 re

131 1437 198 1478 (in
219 1444 294 1478 qua
319 1436 433 1478 form.
460 1445 574 1479 neque
603 1439 669 1470 abs
700 1438 762 1471 di-

131 1483 233 1514 citur
255 1490 368 1524 neque
391 1481 427 1523 a)
450 1481 530 1515 182.
554 1483 635 1515 206.

85 1529 265 1562 Abdicare
289 1537 429 1569 munus,
454 1527 532 1560 abd.
549 1537 589 1560 se
614 1536 764 1561 munere

130 1571 212 1605 198.
249 1573 329 1606 abd.
352 1573 487 1614 filium,
517 1574 669 1615 liberos,
698 1583 763 1614 pa-

131 1620 223 1651 trem
236 1618 314 1650 207.
331 1619 529 1660 consulem,
544 1623 760 1660 senatorem,

130 1666 320 1696 curatores
342 1664 379 1695 et
399 1663 509 1695 simil.
531 1665 615 1697 ibid.

83 1709 226 1743 Abesse
249 1710 395 1750 propius
419 1708 498 1741 171.

82 1755 211 1787 Abfuit
232 1755 267 1787 et
291 1755 381 1787 afuit
403 1753 483 1786 198.

83 1801 197 1832 Abire
220 1800 260 1832 in
283 1800 500 1834 oblivionem
523 1799 602 1832 195.
626 1800 704 1832 197.

83 1844 304 1878 Abiudieare
326 1845 503 1886 quomodo
526 1844 760 1878 constr-uena.

127 1888 209 1922 195.
380 1899 399 1914 ν

80 1933 276 1967 Δόῑιιεόυιιε
288 1934 474 1976 Particip.
486 1934 644 1976 Perfeci.
659 1943 757 1975 pass.

125 1980 226 2012 solus
264 1978 438 2022 fauqiwr
477 1981 558 2013 vice
601 1980 759 2013 absoluti

125 2023 223 2068 Aba,
242 2025 343 2057 velut
365 2027 510 2067 cognito
534 2026 614 2058 198.

80 2070 241 2103 Abortus
254 2070 410 2102 ‘tralata
431 2069 556 2112 siquis.
579 2070 659 2104 203.

80 2116 282 2148 Absolvere
306 2118 430 2157 paucis
452 2116 531 2148 200.

78 2161 226 2202 Absque
242 2169 288 2194 eo
299 2161 363 2204 (te)
376 2164 474 2194 esset
482 2161 629 2203 (factum
642 2161 755 2202 esset)

80 2251 237 2283 Abusus
249 2250 330 2283 176.

79 2297 136 2328 Ac
158 2297 189 2328 si
212 2297 374 2330 anteced.
399 2298 452 2329 ita
473 2297 552 2329 180.

78 2341 272 2374 Academia
304 2343 340 2375 et
371 2345 592 2376 universitas
626 2344 754 2375 litera-

124 2395 202 2419 rum
233 2386 311 2418 186.
351 2387 458 2418 huius
487 2388 589 2419 vocis
617 2387 754 2427 penult.

124 2431 207 2471 syll.
237 2432 462 2471 producitur
493 2433 618 2473 potius
646 2440 756 2474 quam

126 2477 334 2517 corripitur
358 2477 441 2509 ibid.

80 2522 232 2554 Accedit
255 2523 344 2564 quod
364 2529 448 2554 cum
471 2521 659 2555 Coniunct.
676 2520 755 2553 193.

81 2567 136 2599 Ad
159 2567 296 2600 calcem
324 2566 403 2599 169.
427 2568 505 2600 192.
544 2569 588 2600 ad
618 2572 756 2608 captum

126 2611 430 2655 (intelligentiam)
454 2615 661 2654 popularem
678 2611 756 2643 178.

127 2657 172 2690 ad
197 2666 344 2690 coenan
374 2659 511 2700 (super,
545 2661 642 2690 inter
666 2666 754 2689 coe-

127 2700 224 2742 nam)
247 2702 328 2735 208.
361 2705 404 2736 ad
435 2713 514 2736 eum
545 2704 650 2735 finem
674 2702 754 2735 190.

126 2747 171 2780 ad
193 2749 300 2780 finem
339 2745 500 2792 (exitum)
531 2749 609 2781 176.
645 2749 688 2780 ad
722 2749 755 2779 id

127 2794 267 2834 tempus
289 2792 369 2826 173.
409 2795 453 2828 ad
482 2796 616 2828 luctum
645 2800 757 2827 reno-

878 1220 968 1245 vare
993 1213 1145 1255 aliquem
1170 1215 1249 1249 170.
1282 1215 1327 1249 ad
1352 1224 1508 1251 mensam

879 1256 1059 1299 (coenam)
1107 1261 1276 1294 adhibere
1325 1261 1404 1295 205.
1464 1265 1509 1296 ad

877 1312 978 1335 suum
1003 1305 1189 1337 arbitrium
1213 1306 1291 1338 202.
1315 1307 1362 1339 ad
1383 1309 1507 1352 vitam,

877 1349 976 1380 vitae
1000 1350 1130 1390 lucem,
1154 1359 1337 1386 revocare
1359 1351 1439 1386 202.

831 1393 965 1425 Adduci
988 1395 1024 1426 in
1048 1395 1261 1429 oblivionem
1287 1397 1365 1430 181.

831 1439 932 1470 Adeo
953 1446 1025 1478 pro
1050 1442 1156 1473 etiam
1187 1442 1265 1475 176.
1290 1441 1368 1475 180.
1401 1444 1506 1486 atque

875 1484 963 1516 adeo
988 1484 1069 1515 207.

830 1529 984 1568 Adeptio
1010 1530 1087 1562 175.
1111 1529 1190 1563 178.

829 1574 1009 1650 Αάιὸίὺθτθ
1045 1576 1089 1608 ad
1125 1584 1288 1611 mensam
1324 1575 1504 1622 (coenam)

827 1665 950 1697 Adhuc
976 1663 1052 1696 173.
1085 1664 1166 1698 174.
1201 1665 1280 1699 176.
1313 1667 1392 1700 178.
1424 1668 1502 1702 182.

873 1710 953 1742 186.
970 1709 1046 1742 194.
1067 1718 1268 1751 perperam
1290 1714 1503 1754 copulatam

873 1762 956 1787 cum
980 1758 1157 1788 etiamtum
1184 1757 1260 1790 193.

826 1800 1007 1833 Adiuncto
1031 1799 1111 1832 Abl.
1135 1801 1248 1834 absol.
1275 1803 1355 1837 198.

827 1847 1031 1878 Admonere
1055 1846 1133 1878 178.

826 1891 1057 1932 Adspergere
1080 1892 1223 1925 notulas
1247 1892 1324 1925 196.

826 1937 1058 1968 Adulteriuus
1082 1937 1160 1969 175.
1185 1938 1405 1970 adulterinae
1428 1938 1503 1972 cla-

871 1990 938 2012 ves
961 1989 1092 2020 oppon.
1118 1984 1219 2014 veris
1243 1982 1321 2015 187.
1357 1983 1508 2016 adulte-'

871 2027 942 2058 rini
966 2028 1097 2059 nummi
1120 2035 1253 2067 oppon.
1277 2028 1412 2071 probis,
1437 2030 1501 2063 bo-

870 2074 925 2103 nis
947 2070 1035 2103 ibid.

825 2116 994 2148 Advena:
1029 2125 1144 2149 novus
1167 2117 1330 2159 Lugduni
1359 2119 1499 2152 advena

870 2162 947 2194 189.
963 2169 1094 2194 recens
1103 2161 1244 2203 (Ado.)
1257 2164 1396 2196 advena
1409 2163 1498 2196 ibid.

823 2204 1009 2238 Adverbz'a
1038 2206 1137 2239 haud
1166 2216 1260 2240 raro
1295 2209 1346 2241 ad
1365 2217 1498 2248 perso-

867 2260 937 2283 nas
970 2249 1185 2292 referuntur
1216 2252 1293 2285 197.
1328 2262 1498 2286 nonnun-

870 2305 981 2338 quam
1005 2304 1087 2328 cum
1111 2296 1359 2330 Substantivis
1382 2307 1499 2340 copu-

868 2342 997 2373 cantur
1020 2350 1092 2381 pro
1109 2341 1310 2375 Adiectivis
1333 2344 1409 2376 189.
1435 2345 1498 2376 sed

868 2386 935 2418 hoc
965 2395 1047 2418 cum
1079 2395 1214 2429 maqna
1246 2388 1415 2421 cautione
1444 2391 1498 2421 est

868 2432 1086 2464 imitandum
1107 2434 1191 2466 ibid.
1221 2432 1329 2465 huius
1355 2435 1499 2476 qeneris

868 2475 1037 2518 eoedmpla
1060 2479 1240 2519 quaedam
1260 2479 1347 2512 ibid.

824 2523 1040 2555 Adversaria
1065 2523 1142 2555 174.
1168 2524 1248 2555 190.

823 2569 1032 2600 Adversitas
1068 2572 1266 2609 temporum
1308 2569 1354 2602 de
1388 2572 1496 2612 temp.

867 2615 1048 2654 iniquitate
1069 2612 1149 2645 175.

823 2659 1008 2691 Adversus
1049 2658 1201 2700 aiiquem
1246 2660 1371 2692 valere
1418 2660 1495 2692 175.

875 2703 953 2735 Vid.
979 2703 1117 2736 Oratio.

825 2749 1057 2790 Aegrimonia
1081 2749 1188 2780 animi
1211 2747 1290 2780 184.

823 2794 1023 2837 Aegritudo
1046 2792 1185 2837 (animi)
1209 2792 1308 2826 1842

1176 2848 1232 2889 15
