1833 3237
667 191 979 234 —103—

114 306 315 343 doctorum
354 304 548 342 hominum
588 306 626 342 in
669 308 839 342 Veteres
879 306 1052 342 Graecos
1094 306 1331 355 scriptor-esi,
1370 309 1448 342 tum
1481 307 1528 343 de

115 362 213 399 meis
242 362 282 398 iu
313 361 578 408 Plutarchum,
622 362 786 398 studiis:
830 361 946 397 cuius
976 362 1162 398 beneficii
1191 365 1346 409 gratum
1376 362 1414 398 ei
1439 362 1529 398 ani-

113 427 215 454 mum
253 419 295 453 ut
332 417 372 453 in
410 417 660 454 praefatione
699 417 931 454 Plutarchea
970 420 1140 454 testatus
1179 427 1289 466 sum,
1332 418 1388 453 ita
1426 428 1528 454 nunc

113 482 267 519 quoque
296 475 433 509 testor.

227 528 367 575 'roupii
395 527 599 576 Longinus
630 528 782 564 tandem
814 527 958 574 prodiit
978 527 1171 576 (1778.):
1204 539 1277 565 nec
1306 528 1526 575 exemplum

113 584 277 621 editoris
306 584 461 621 nomine
490 584 538 619 ad
569 583 846 620 Ruhnkenium
874 583 994 631 venit,
1025 583 1093 630 qui
1112 594 1188 620 suo
1215 584 1254 620 id
1274 595 1366 621 aere
1396 594 1526 620 emere

112 640 263 688 debuit,
301 640 396 676 licet
424 639 592 686 plurima
635 639 800 676 editioni
831 642 1056 675 ornamenta
1086 640 1335 686 contulisset,
1362 640 1526 677 Disser-

113 695 299 732 tationem
337 695 387 731 de
416 695 512 731 Vita
550 698 590 731 et
615 695 782 741 Scriptis
822 695 993 743 Longini
1023 704 1141 741 supra
1172 698 1421 732 memoratam
1435 693 1475 743 *)
1504 707 1528 730 a

113 751 241 798 nobis,
256 754 295 787 et
310 748 748 798 Animadversiones**)
761 761 861 797 quae
891 751 1059 798 paginas
1075 750 1220 799 viginti
1241 752 1412 801 explent,
1430 754 1524 788 tan·
1540 751 1621 788 173

115 810 273 852 tumque
302 806 477 843 medelae
506 817 554 842 ac
584 807 684 843 lucis
705 804 755 844 ab
778 806 974 854 exquisita
995 807 1173 843 doctrina
1200 807 1342 843 ductae
1363 809 1528 843 afferunt

113 863 318 910 Longino,
368 864 553 908 quantum
592 862 660 898 vix
701 862 806 898 ullus
856 863 1040 898 attulerat
1076 862 1298 900 Editorum.
1364 863 1441 898 Sed
1477 863 1526 898 de

116 917 177 952 his
216 927 293 952 non
331 920 392 952 est
430 917 532 962 quod
573 917 687 963 plura
725 927 829 952 nunc
867 917 1061 963 dicamus3
1099 918 1410 963 quandoquidem
1451 918 1528 954 vim

115 972 472 1018 praestantiamque
500 982 632 1008 earum
664 972 926 1018 explicuimus
963 972 1151 1018 peculiari
1181 983 1348 1008 censura
1377 973 1530 1018 prodita

113 1026 384 1064 Bibliothecae
412 1027 583 1064 criticae
613 1028 705 1065 Vol.
737 1030 767 1064 Ι.
797 1030 901 1065 Part.
931 1029 1001 1064 111.

225 1083 361 1119 Valuit
390 1086 469 1119 tum
499 1083 725 1120 Ruhnkenii
753 1093 861 1120 amor
889 1086 929 1119 et
957 1083 1188 1130 auctoritas,
1219 1083 1267 1118 ad
1299 1093 1359 1119 me
1388 1082 1427 1118 in
1446 1084 1526 1119 Ba-

116 1142 208 1175 tava
237 1141 340 1175 terra
379 1138 649 1185 retinendum3
689 1140 837 1185 absque
866 1149 912 1175 eo
946 1140 1092 1175 factum
1122 1141 1242 1183 esset,
1271 1142 1315 1174 ut
1345 1148 1428 1177 eam
1459 1149 1527 1174 re-

115 1194 347 1240 linquerem.
417 1194 537 1230 Vitae
576 1195 776 1231 commode
814 1195 997 1243 agendae
1033 1194 1114 1242 illo,
1165 1204 1241 1240 quo
1279 1204 1396 1236 eram,
1442 1193 1527 1230 loeo

113 1249 349 1286 difficultas:
394 1250 608 1295 superioris
647 1251 741 1286 anni
780 1250 944 1286 offensio
983 1250 1148 1286 subinde
1177 1249 1306 1285 animo
1336 1248 1528 1285 obiiciens

113 1305 224 1353 illud,
262 1306 331 1342 Νἱι
358 1303 514 1352 profuit
550 1302 798 1353 pietas:***)
828 1306 982 1341 oblatae
1012 1305 1115 1351 apud
1146 1307 1304 1341 exteros
1334 1303 1527 1340 stationes

114 1371 185 1408 per
214 1361 540 1409 opportunitatem
577 1361 732 1398 itineris
770 1361 819 1397 ad
858 1365 1005 1408 patrem
1035 1370 1167 1397 senem
1198 1359 1397 1406 suscepti:
1429 1359 1528 1396 haec

113 1417 243 1454 omnia
273 1417 522 1454 vehementer
559 1427 619 1453 me
657 1418 876 1454 movebant.
935 1417 1219 1454 Vehementius
1249 1419 1377 1452 tamen
1407 1414 1528 1453 movit

114 1473 342 1511 Ruhnkenii
372 1477 411 1510 et
442 1474 634 1510 libertatis
664 1475 836 1510 Batavae
865 1473 1067 1521 cogitatio.

227 1532 307 1577 Per
320 1529 424 1565 idem
444 1533 595 1576 tempus
614 1530 822 1567 Cornelius
844 1528 1156 1576 Oudendorpius,
1173 1527 1378 1564 Francisci
1398 1537 1527 1574 quon-

113 1586 202 1621 dam
232 1586 475 1622 Professoris
504 1585 833 1634 Lugdunobatavi
863 1585 981 1631 filius,
1010 1585 1195 1621 sacerdos
1226 1583 1321 1631 pagi
1351 1585 1528 1619 Sassen-

116 1641 232 1687 hemi,
262 1642 439 1677 Frontini
468 1642 679 1678 editionem
708 1652 730 1676 a
760 1645 868 1687 patre
898 1643 1055 1687 factam,
1089 1639 1201 1676 novis
1231 1639 1405 1674 eiusdem
1436 1638 1528 1674 ani-

115 1697 456 1734 madversionibus
484 1698 696 1733 auctiorem
728 1695 1108 1742 emendatioremque
1144 1697 1323 1741 repetere
1351 1694 1531 1731 institue-

118 1753 207 1789 bat:
237 1763 360 1799 eoque
390 1753 430 1789 iu
461 1763 580 1799 opere
610 1753 771 1789 multum
812 1763 856 1788 se
883 1762 908 1787 a
939 1752 1174 1789 Ruhnkenio
1214 1750 1380 1786 consilio
1416 1754 1457 1786 et
1487 1760 1531 1785 re

115 1809 290 1845 adiutum
321 1808 462 1854 fuisse,
493 1810 700 1855 professus
739 1811 801 1844 est
831 1808 870 1844 in
901 1808 1145 1853 praefatione
1175 1816 1301 1842 novae
1332 1805 1531 1853 editionis,

114 1875 216 1911 quae
246 1864 419 1911 proximo
449 1875 550 1901 auno
574 1863 746 1912 (1779.)
767 1862 922 1910 prodiit,
951 1866 991 1899 et
1020 1873 1043 1898 a
1074 1861 1185 1898 nobis
1217 1871 1336 1898 censa
1366 1864 1427 1897 est
1456 1862 1530 1898 Bi·-

114 1921 340 1958 bliothecae
371 1919 542 1957 criticae
572 1920 664 1957 Vol.
692 1920 724 1955 1.
753 1922 859 1955 Part.
888 1920 959 1954 1V.

227 1976 426 2013 Velleium
454 1976 530 2012 iam
559 1978 650 2010 ante
679 1974 975 2019 quadriennium
1006 1973 1124 2009 edere
1148 1971 1389 2021 instituerat,
1406 1972 1530 2018 prima

114 2032 277 2080 plagula
305 2031 557 2077 excudenda,
601 2029 830 2076 speciminis
869 2029 970 2066 loco.
1035 2028 1181 2065 Charta
1219 2032 1304 2064 erat
1344 2029 1464 2073 proba
1491 2031 1530 2064 et
1550 2020 1628 2060 174

116 2088 305 2123 candida:
351 2087 422 2123 sed
463 2087 549 2123 eius
598 2085 751 2132 copiam
786 2085 876 2121 dum
922 2086 1070 2120 frustra
1109 2086 1293 2129 expectat
1332 2083 1530 2130 librarius,

117 2142 339 2180 excudendi
377 2142 578 2190 negotium
615 2141 805 2177 differtur.
869 2139 1131 2177 Ruhnkenius
1161 2149 1306 2175 moram
1335 2139 1383 2174 ad
1413 2139 1529 2176 locu-

115 2198 322 2246 pletandas
371 2198 732 2235 animadversiones
778 2196 950 2234 confert:
997 2199 1125 2232 tamen
1174 2195 1261 2230 eius
1305 2194 1530 2241 impatiens,

115 2253 328 2292 editionem
369 2256 508 2302 urget3
547 2253 651 2290 unde
688 2254 851 2302 factum,
893 2254 936 2287 ut
964 2251 1094 2287 minus
1124 2251 1258 2295 proba,
1290 2251 1398 2286 certe
1428 2250 1529 2286 sub-

118 2310 247 2358 fusca,
276 2309 318 2346 in
348 2310 483 2346 charta
514 2308 810 2356 protruderetur
840 2306 1021 2343 Velleius
1052 2305 1221 2352 (1779.)
1278 2307 1362 2342 Hoc
1390 2305 1528 2341 Ruhn-

118 2365 226 2403 kenii
255 2375 354 2412 opus
383 2375 460 2401 non
487 2365 622 2401 dubito
652 2363 880 2410 palmarium
910 2362 1133 2409 appellare3
1164 2360 1307 2406 quippe
1337 2369 1412 2406 quo
1429 2361 1529 2407 prio-

118 2421 228 2459 ribus
258 2421 488 2469 editoribus,
518 2420 558 2457 in
589 2420 717 2466 iisque
747 2418 825 2465 ipsi
846 2418 1072 2456 Latinarum
1101 2416 1320 2454 Literarum
1351 2416 1515 2465 principi

147 2540 177 2581 ⁶)
201 2541 288 2581 Pag.
314 2541 394 2572 169.
420 2540 474 2572 ed.
499 2549 553 2581 pr.
598 2541 672 2571 FB.

122 2583 173 2623 ⁶⁶)
197 2585 252 2616 Cf.
277 2594 386 2625 snpra
409 2594 489 2625 pag.
515 2585 570 2616 ed.
595 2594 644 2625 pr.
670 2584 749 2616 154.
772 2593 822 2624 sq.
872 2584 945 2615 ΕΒ.

119 2626 178 2669 m)
201 2629 451 2662 proverbiale:
477 2630 618 2661 ductum
641 2638 662 2661 e
685 2629 857 2660 similibus
890 2629 1071 2660 Veterum.
1098 2626 1317 2667 v.c.Virgil.
1340 2625 1419 2658 Cul.
1447 2626 1526 2658 22⁴.

165 2673 339 2706 Praemia
369 2676 459 2707 sunt
485 2674 638 2715 pietatis
667 2671 751 2705 ubi?
803 2674 966 2712 Propert.
1001 2672 1062 2712 111,
1092 2671 1147 2710 18,
1171 2671 1226 2702 11.
1277 2670 1371 2710 Quid
1392 2679 1526 2711 glenus,

164 2717 234 2749 aut
256 2718 399 2760 virtum,
424 2720 493 2751 aut
515 2718 658 2759 optima
682 2718 826 2759 profuit
849 2717 909 2749 illi
936 2716 1065 2749 Mater
1080 2733 1135 2746 —.
1159 2716 1340 2756 (Ceterum
1365 2715 1437 2748 vid.
1464 2717 1527 2747 vit.

167 2763 354 2801 Wytteub.
379 2772 456 2805 pag.
478 2762 554 2795 110.
581 2762 669 2800 FB.)
