1833 3237
687 223 946 264 -63-,

93 343 156 379 An
188 349 281 376 vero
311 338 426 375 etiam
458 338 657 375 Romanae
687 337 877 384 aliaeque,
908 347 1005 383 quas
1035 336 1231 384 didicisti,
1263 348 1341 385 res,
1371 337 1508 384 prodi-

94 402 158 434 tae
187 399 277 432 sunt
305 395 345 431 in
376 395 501 431 sacris
531 391 673 430 libris?
732 394 774 430 P.
816 394 901 430 Non
944 403 1050 429 sane.
1110 395 1156 431 R.
1196 395 1247 430 Et
1279 398 1407 430 tamen
1439 403 1507 429 eas

91 453 181 489 item
212 451 353 488 credis.
413 452 452 489 P.
487 450 627 493 Quidni
658 447 843 486 credam?
880 452 973 484 sunt
1015 448 1116 484 enim
1147 450 1322 495 proditae
1350 451 1388 486 in
1420 449 1510 485 aliis

93 508 203 545 libris
231 508 307 544 fide
336 507 482 555 dignis.
542 507 588 544 R.
618 506 738 552 Cedo,
769 506 838 541 hos
868 506 1003 541 libros,
1065 508 1106 541 P.
1147 506 1348 554 Magistra
1378 509 1509 541 nostra

93 565 192 601 duos
224 565 339 600 habet
369 561 559 599 Francica
589 561 727 610 lingua
755 561 946 607 scriptos:
981 561 1142 597 alterum
1173 573 1354 607 parvum,
1395 571 1508 607 quem

93 620 305 657 ediscimus
335 622 375 655 et
403 618 636 654 recitamus:
675 618 838 654 alterum
868 627 1074 670 magnum,
1118 618 1264 663 aliquot
1295 618 1510 654 volumini-

92 677 182 729 bus,
211 686 260 712 ex
290 685 366 721 quo
397 675 508 711 nobis
539 674 705 709 subinde
748 673 940 722 praelegit
1009 675 1059 709 R.
1090 675 1155 710 An
1185 675 1309 722 igitur
1337 675 1510 720 scripto-

93 743 158 769 res
190 732 323 768 horum
354 731 516 766 duorum
548 730 732 766 librorum
763 730 839 776 ipsi
861 730 1126 766 interfuerunt
1156 732 1273 766 rebus
1298 741 1395 776 quas
1415 740 1509 765 nar-

93 785 210 825 rant?
269 788 307 825 P.
337 786 664 832 Haudquaquam:
697 797 782 821 nam
813 789 903 821 sunt
930 787 1184 838 recentioreS,
1215 789 1253 822 et
1285 789 1417 822 nostra
1447 784 1508 820 vel

91 849 243 891 patrum
274 843 456 879 memoria
487 842 683 878 vixerunt.
742 843 788 878 R.
820 841 935 877 Vnde
964 843 1088 889 igitur
1118 843 1252 878 harum
1284 852 1410 878 rerum
1443 832 1610 877 n0-104

92 900 218 936 titiam
248 894 517 944 acceperunt?
574 899 616 933 P.
649 898 711 933 Ex
753 896 841 932 aliis
881 897 993 933 libris
1029 898 1105 934 fide
1136 899 1280 946 dignis.
1339 899 1386 934 R.
1420 897 1509 934 No-

93 955 196 992 stine
226 951 327 990 eos?
400 955 444 990 P.
476 953 565 989 Non
588 952 691 990 novi.
752 954 799 989 R.
830 953 1027 996 Quomodo
1056 953 1180 1000 igitur
1205 964 1289 1004 eos,
1319 963 1416 999 quos
1435 962 1509 988 non

94 1011 212 1061 nosti,
240 1010 362 1046 audes
392 1011 588 1045 affirmare
618 1019 707 1044 esse
737 1009 812 1044 fide
832 1007 1004 1057 dignos?
1062 1010 1103 1044 P.
1136 1009 1262 1046 Credo
1286 1009 1512 1057 magistrae.

94 1069 144 1105 R.
184 1068 286 1110 Quot
323 1075 445 1100 annos
483 1068 598 1100 natus
639 1062 713 1099 es?
772 1065 813 1100 P.
860 1065 1102 1109 Quindecim.
1168 1067 1215 1102 R.
1257 1065 1382 1101 Ecce!
1433 1064 1509 1100 iam

94 1133 217 1169 prope
245 1121 497 1166 adolescens,
538 1124 577 1156 et
613 1121 803 1171 magistra
843 1124 882 1156 te
920 1121 1047 1156 adhuc
1085 1124 1227 1157 tractat
1256 1124 1299 1156 ut
1328 1120 1513 1166 puellum.

98 1179 142 1216 P.
175 1177 274 1220 Quid
304 1174 388 1213 ita?
417 1178 464 1213 R.
498 1175 597 1217 Quia
627 1177 711 1220 tibi,
740 1181 782 1212 ut
813 1177 957 1227 puello,
989 1177 1183 1227 fabulam,
1214 1178 1270 1213 ita
1298 1176 1510 1212 Historiam

96 1236 248 1270 narrat:
279 1243 327 1268 an
357 1241 453 1267 vero
483 1235 596 1277 putas
629 1232 863 1278 Historiam,
904 1243 1016 1278 quam
1046 1233 1114 1268 illa
1144 1237 1182 1268 te
1213 1233 1347 1278 docet,
1379 1241 1510 1267 veram

98 1286 221 1326 esse?
249 1293 317 1324 aut
347 1288 400 1324 nil
430 1290 497 1323 tua
526 1288 662 1333 refert,
694 1288 866 1323 fabulam
898 1289 967 1324 tibi
999 1298 1067 1334 pro
1099 1298 1189 1324 vero
1222 1285 1407 1324 narrari?
1465 1289 1510 1324 P.

97 1348 218 1384 Immo
249 1344 410 1381 multum
429 1354 517 1379 mea
545 1345 692 1381 ret'ert:
723 1344 792 1379 sed
815 1344 897 1380 scio
923 1355 1016 1380 vera
1047 1346 1174 1381 omnia
1195 1355 1300 1394 esse,
1333 1354 1434 1389 quae
1465 1344 1513 1379 ab

97 1402 168 1439 illa
196 1403 390 1438 docemur.
448 1401 498 1437 R.
532 1400 576 1436 Si
609 1400 682 1436 hoc
711 1401 808 1453 scis,
838 1411 1002 1437 necesse
1033 1406 1094 1437 est
1124 1406 1161 1437 te
1191 1402 1292 1437 scire
1312 1401 1514 1450 rationem,

99 1469 175 1505 qua
213 1468 349 1493 verum
379 1467 402 1491 a
439 1457 539 1492 falso
570 1456 787 1492 discernas.
848 1459 891 1493 P.
933 1458 1020 1493 Non
1061 1458 1143 1494 scio
1183 1459 1282 1494 hanc
1311 1458 1515 1506 rationem,

99 1514 170 1551 sed
202 1514 319 1550 eredo
349 1513 575 1560 magistrae,
604 1513 696 1558 quia
727 1514 842 1549 docta
881 1516 919 1549 et
958 1515 1134 1550 veridica
1173 1517 1246 1551 est.
1306 1514 1356 1550 R.
1391 1513 1516 1548 Vides

99 1575 139 1607 te
168 1569 239 1606 tibi
272 1579 346 1605 non
377 1571 573 1622 constare,
603 1569 714 1605 modo
745 1570 850 1621 scis,
893 1570 1002 1605 modo
1034 1571 1188 1621 nescis,
1227 1569 1340 1606 modo
1371 1569 1515 1605 credis.

99 1629 143 1663 P.
172 1627 260 1663 Non
291 1634 448 1671 possum
479 1625 548 1659 tibi
579 1627 655 1660 tam
676 1626 795 1660 facile
815 1626 1055 1671 respondere
1085 1637 1132 1661 ac
1153 1626 1387 1673 magistrae3
1417 1625 1518 1660 haec

101 1682 219 1728 enim,
250 1681 384 1717 nescio
404 1680 607 1730 quomod0,
637 1681 795 1716 facilius
815 1681 1044 1727 interrogat.
1103 1683 1150 1718 R.
1178 1682 1319 1729 Igitur,
1350 1691 1372 1716 o
1403 1682 1516 1725 bone,

103 1738 262 1774 facilius
301 1740 340 1772 te
379 1736 650 1783 interrogabo:
693 1737 867 1773 Historia
907 1738 996 1782 quid
1049 1737 1189 1783 tradit,
1235 1747 1423 1773 verumne
1468 1746 1516 1771 an

101 1790 263 1830 fiotum?
319 1794 360 1829 P.
393 1793 565 1842 Verum,
603 1792 802 1837 profecto!
869 1793 916 1829 R.
959 1794 1170 1829 Historiam
1210 1801 1307 1840 ergo
1349 1803 1396 1826 an
1430 1792 1518 1837 quis

101 1849 257 1886 tradere
282 1850 354 1884 aut
383 1847 562 1893 accipere
600 1852 730 1895 recte,
770 1848 913 1884 docere
952 1852 1020 1884 aut
1049 1846 1230 1900 discere,
1270 1851 1422 1900 potest,
1453 1847 1519 1897 qui

102 1915 238 1942 verum
281 1915 305 1940 a
344 1905 436 1940 ficto
477 1903 705 1939 discernere
744 1901 907 1949 nequit?
967 1907 1007 1941 P.
1037 1906 1197 1941 Nescio.
1257 1907 1306 1942 R.
1345 1900 1520 1940 Nescis?

103 1973 153 1998 an
181 1961 274 1997 item
305 1959 448 2005 nescis,
478 1969 526 1994 an
558 1959 731 1995 Historia
760 1958 929 1995 alicuius
957 1960 1138 1996 utilitatis
1158 1972 1301 1997 caussa
1318 1956 1519 1996 discatur?

107 2019 150 2055 P.
180 2018 233 2054 Et
262 2025 428 2063 magnae
458 2014 635 2066 quidem,
666 2015 823 2066 opinor,
852 2015 1032 2052 utilitatis
1063 2027 1204 2053 caussa
1235 2016 1412 2053 discitur.
1471 2017 1518 2052 R.

106 2074 215 2117 Quae
246 2075 307 2107 est
336 2070 404 2108 illa
433 2067 616 2106 utilitas?
675 2073 712 2108 P.
744 2071 902 2107 Nescio.
963 2073 1011 2108 R.
1050 2074 1190 2110 Nonne
1230 2074 1298 2110 tibi
1328 2071 1520 2119 magistra

107 2127 294 2179 narravit,
323 2126 525 2162 multarum
555 2126 819 2163 doctrinarum
855 2128 1106 2165 fundamenta
1134 2131 1173 2166 in
1206 2130 1322 2165 factis
1354 2127 1621 2169 histori-105

107 2183 166 2220 cis
195 2193 286 2220 esse
314 2182 457 2234 posita,
486 2180 696 2219 Historiam
729 2193 800 2219 nos
831 2184 972 2221 docere
1002 2185 1100 2220 alias
1131 2186 1332 2221 doctrinas
1371 2183 1518 2220 rectius

107 2239 344 2284 faciliusque
373 2238 597 2284 percipere:
627 2242 708 2275 tum
738 2249 831 2276 vero
861 2250 944 2275 eam
977 2241 1181 2285 plurimum
1214 2242 1349 2276 valere
1379 2249 1517 2276 exem-

107 2295 184 2343 plis
213 2295 263 2330 ad
302 2294 421 2330 vitam
462 2295 675 2342 regendam
719 2298 757 2330 et
795 2305 875 2331 rem
915 2297 1108 2342 publicam
1143 2292 1520 2334 administrandam?

108 2354 151 2389 P.
208 2351 298 2387 Non
330 2351 521 2387 narravit:
551 2350 619 2386 sed
654 2350 723 2385 tibi
754 2351 871 2388 credo
900 2351 956 2387 ita
986 2363 1098 2399 esse
1139 2364 1226 2389 nam
1268 2353 1522 2400 probabiliter

109 2406 206 2444 mihi
233 2406 365 2443 dicere
399 2406 559 2442 videris.
616 2407 665 2443 R.
698 2408 803 2454 Ergo
833 2417 947 2454 porro
976 2409 1190 2455 responde:
1231 2409 1270 2445 id
1301 2410 1414 2446 cuius
1444 2419 1521 2445 au-

109 2463 205 2501 xilio
234 2462 378 2509 aliquid
410 2462 603 2498 efficimus
633 2465 671 2498 et
693 2463 849 2499 facilius
879 2465 1136 2510 assequimur,
1167 2476 1294 2502 nonne
1324 2469 1384 2502 est
1409 2464 1522 2512 quasi

111 2516 444 2555 instrumentum?
502 2520 544 2556 P.
573 2520 644 2555 Est
675 2530 785 2556 sane.
843 2521 891 2556 R.
927 2521 1054 2568 Igitur
1094 2523 1268 2558 Historia
1307 2526 1368 2558 est
1408 2521 1521 2568 quasi

110 2573 407 2611 instrumentum
447 2585 576 2610 earum
617 2575 826 2611 utilitatum
870 2579 1252 2629 consequendarum,
1293 2579 1341 2615 de
1379 2579 1523 2625 quibus

114 2631 225 2665 modo
263 2631 441 2667 diximus.
509 2633 548 2667 P.
586 2632 647 2667 Ita
686 2642 858 2677 prorsus.
916 2634 965 2669 R.
998 2635 1077 2669 lam
1118 2634 1181 2670 dic
1224 2635 1337 2672 mihi:
1378 2633 1524 2671 nummi

113 2689 256 2721 suntne
284 2687 580 2723 instrumentum
613 2686 715 2723 vitae
746 2686 956 2733 agendae?
1015 2690 1056 2727 P.
1087 2692 1136 2726 Et
1157 2700 1336 2738 magnum
1357 2691 1525 2738 quidem.

113 2743 162 2779 R.
192 2742 235 2778 Si
266 2742 352 2787 quis
382 2742 505 2791 igitur
535 2754 709 2779 nummos
748 2744 803 2779 ita
833 2748 1044 2792 congerat,
1085 2747 1226 2783 nullam
1258 2751 1300 2783 ut
1331 2748 1523 2784 rationem

112 2797 267 2849 habeat,
296 2800 422 2834 utrum
453 2800 532 2835 sint
561 2800 670 2845 probi
701 2810 748 2836 an
778 2801 1003 2849 adulterini,
1032 2802 1165 2849 itaque
1193 2804 1381 2849 deceptus
1411 2803 1523 2839 acci-
