1833 3237
851 211 1187 252 —100—

317 332 487 368 caveret.
537 329 581 363 In
612 323 840 361 Oratoribus
870 324 1027 361 dubium
1058 329 1155 370 erat,
1186 328 1315 361 utrum
1342 305 1547 362 dicentium
1574 336 1623 361 an
1655 308 1731 361 au·

321 380 768 484 dientiurii)1›atientiam
813 381 939 428 magis
971 381 1177 417 mirareris.
1236 379 1451 417 Accidebat
1481 382 1574 418 illud
1606 383 1736 418 Hora-

322 446 482 484 uanum,

437 513 480 551 Si
510 515 614 550 foret
643 514 680 549 in
714 514 845 561 terris,
876 514 1022 550 rideret
1052 513 1320 550 Democritus:
1350 535 1404 539 —-

434 570 620 606 Dicentes
653 572 781 606 autem
814 580 972 606 narrare
1003 572 1157 616 putaret
1187 569 1323 605 asello*

431 625 632 662 Fabellam
663 626 800 662 surdo:
841 637 927 662 nam
960 636 1058 671 quae
1090 626 1321 672 pervincere
1350 625 1470 662 voces

435 682 633 718 Evaluere
663 693 813 728 sonum,
844 683 1020 718 referunt
1050 692 1163 727 quem
1195 686 1326 717 nostra
1357 682 1528 717 theatra:

433 739 657 786 Garganum
690 737 843 788 mugire
871 740 986 783 putes
1018 748 1176 784 nemus,
1207 742 1272 773 aut
1303 748 1407 773 mare
1439 738 1652 774 '1¹husc11m.

433 827 505 870 Qui
546 826 695 872 primus
725 827 764 861 in
795 828 1031 873 suggestum
1072 825 1277 861 adscendit
1307 827 1528 871 Professor,
1558 836 1627 872 per
1656 829 1738 861 tres

322 884 439 918 horas
469 883 581 927 dixit,
613 882 768 918 nemine
798 882 1002 917 audiente:
1033 885 1073 917 et
1102 886 1189 927 post
1220 883 1324 917 hunc
1355 883 1444 917 item
1476 882 1558 921 alii.
1616 883 1737 918 Inso-

322 939 391 974 lita
421 938 626 974 multitudo
668 941 902 983 exterorum,
940 942 978 972 et
1018 937 1217 973 doctorum
1260 938 1452 973 hominum
1486 941 1523 972 et
1552 938 1736 973 indoctu-

323 1004 420 1039 rum,
459 994 676 1030 adssuxerat
718 1003 769 1029 ex
806 997 884 1029 tota
924 993 1096 1038 undique
1131 997 1236 1028 terra
1273 995 1432 1040 Batava,
1476 994 1579 1029 haud
1617 1003 1736 1029 secus

323 1054 441 1095 atque
478 1050 579 1095 apud
620 1049 792 1084 Graecos
830 1048 879 1083 ad
917 1049 1092 1084 ludorum
1132 1049 1421 1094 Olympicorum
1459 1049 1737 1084 celebritatem.

324 1105 531 1150 Hospitum
565 1105 670 1140 nulla
701 1104 916 1140 habebatur
946 1105 1065 1139 ratio:
1106 1104 1402 1139 Professoribus
1434 1104 1596 1139 aliarum
1627 1105 1739 1139 Aca-

213 1157 293 1193 168
324 1161 536 1196 demiarum
569 1160 679 1196 locus
711 1160 756 1195 ad
792 1159 1005 1195 sedendum
1037 1170 1111 1195 non
1142 1163 1226 1195 erat
1256 1160 1394 1195 datus:
1424 1159 1459 1194 si
1491 1160 1645 1205 quidem
1663 1169 1740 1194 au-

326 1217 410 1252 dire
448 1216 610 1260 vellent,
642 1216 835 1251 debebant
873 1225 918 1251 se
948 1216 1067 1251 stanti
1100 1217 1238 1252 turbae
1267 1216 1488 1252 immiscere
1516 1219 1555 1251 et
1585 1215 1738 1251 dubiam

325 1272 499 1318 experiri
528 1274 683 1309 sortem.
744 1274 824 1307 Hos
855 1272 1032 1316 aliosque
1063 1281 1216 1307 errores
1245 1282 1376 1307 secum
1392 1275 1578 1317 reputans
1596 1271 1740 1309 Ruhn-

326 1330 480 1376 kenius,
513 1328 652 1376 „Ista“
683 1327 813 1364 aiebat
844 1337 919 1374 „ne
950 1338 1088 1363 rursus
1119 1328 1313 1373 accidant,
1342 1328 1555 1374 posteritas
1573 1337 1739 1364 monen-

327 1385 405 1432 „da
434 1387 515 1429 est3
548 1394 673 1430 neque
703 1385 804 1420 enim
834 1394 907 1419 sua
939 1384 1053 1419 festis
1083 1384 1222 1420 diebus
1254 1384 1431 1420 hilaritas
1462 1387 1641 1420 constare
1667 1393 1742 1430 po·-

327 1444 445 1488 ‚,test,
477 1440 553 1476 nisi
583 1441 618 1476 si
649 1440 751 1476 adsit
780 1440 985 1487 modestia,
1016 1441 1298 1486 opportunitas,
1320 1441 1508 1494 varietas,
1533 1439 1744 1488 elegantia,

329 1496 648 1545 „hospitalitas.“

440 1553 816 1588 Animadversioncs
846 1562 938 1587 suas
968 1551 1008 1587 in
1041 1552 1261 1599 Longinum
1302 1551 1460 1588 miserat
1490 1553 1545 1587 Io.
1575 1549 1741 1597 Toupio,

329 1608 528 1652 Britanno,
558 1619 697 1644 novam
727 1609 834 1644 illius
864 1608 1076 1653 Scriptoris
1115 1608 1322 1643 editionem
1354 1608 1541 1645 molienti.
1601 1609 1743 1644 Postea

328 1664 494 1701 subinde
534 1675 617 1701 eum
657 1664 751 1699 facti
790 1663 992 1708 poenituit.
1063 1664 1245 1707 Primum,
1277 1664 1609 1700 animadverterat
1637 1663 1742 1698 illum

329 1720 496 1766 priorum
536 1719 764 1757 Criticorum
805 1720 929 1765 copiis
971 1729 1103 1765 parum
1144 1720 1360 1756 liberaliter
1401 1721 1476 1755 uti:
1524 1720 1612 1766 qui,
1650 1719 1744 1754 licet

328 1777 416 1821 ipse
445 1776 669 1811 acutissimo
700 1775 861 1822 ingenio
892 1778 930 1810 et
960 1775 1146 1811 interiore
1177 1776 1354 1811 Graecae
1379 1776 1539 1823 linguae
1573 1773 1744 1810 scientia

329 1830 544 1878 praeditus,
575 1831 713 1875 quibus
742 1830 935 1875 propriam
967 1831 1043 1865 sibi
1072 1830 1237 1878 gloriam
1269 1841 1407 1876 parere
1437 1833 1585 1877 posset,
1615 1834 1743 1865 tamen

329 1887 496 1922 alienam
527 1896 646 1932 saepe
675 1886 903 1931 surriperet.
963 1889 1061 1922 Sunt
1091 1887 1193 1922 enim
1224 1886 1265 1921 iu
1295 1887 1380 1922 eius
1410 1886 1746 1922 emendationibus

332 1942 432 1978 haud
466 1952 613 1988 paucae
653 1941 871 1976 huiusmodi
913 1941 951 1976 in
983 1942 1121 1986 quibus
1160 1943 1325 1987 Antiqui
1365 1943 1578 1987 scriptoris
1617 1942 1745 1977 locum

332 1998 408 2033 iam
440 2008 463 2032 a
494 1997 736 2042 Casaubono,
768 1997 1047 2043 Valckenario,
1078 1996 1326 2045 Ruhnkenio,
1358 2002 1423 2033 aut
1455 1998 1558 2043 aliis,
1579 1996 1746 2045 egregie

332 2053 598 2098 emendatum,
639 2053 840 2088 levissime
877 2053 1008 2088 addito
1047 2067 1086 2090 τε
1116 2053 1179 2088 vel
1212 2051 1262 2099 δὲ,
1301 2053 1471 2089 similive
1500 2052 1744 2090 correctiun-

334 2109 435 2157 cula,
468 2112 600 2154 mutat,
636 2112 713 2144 tum
755 2111 875 2143 totum
910 2108 1028 2144 veluti
1058 2118 1081 2142 a
1111 2113 1155 2144 se
1184 2109 1268 2144 solo
1299 2113 1588 2158 perpurgatum‚
1618 2118 1745 2155 appo-

335 2165 404 2211 nit,
441 2175 524 2200 cum
565 2165 633 2200 tali
673 2166 758 2200 fere
798 2164 986 2211 formula,
1026 2165 1082 2199 ita
1121 2165 1309 2209 leyendus
1337 2166 1401 2202 laic
1442 2167 1565 2213 locus,
1596 2167 1637 2201 in
1667 2174 1746 2212 quo

333 2222 579 2256 emendando
607 2221 742 2267 mayni
770 2221 846 2255 viri
872 2230 1021 2265 parum
1050 2221 1243 2257 viderunt.
1304 2222 1562 2257 Ruhnkenius
1593 2221 1745 2266 quidem

333 2279 471 2322 postea
500 2276 539 2312 in
568 2277 692 2312 altera
733 2276 902 2311 editione
938 2275 1201 2322 Epistolarum
1241 2277 1471 2313 Criticarum
1512 2280 1550 2312 et
1581 2277 1745 2321 Timaei,

333 2341 426 2367 suas
454 2332 543 2378 ipse
572 2332 835 2368 correctiones
872 2331 1102 2379 vindicavit,
1143 2332 1285 2378 Toupii
1314 2342 1454 2368 morem
1486 2332 1622 2374 leuiter
1651 2341 1744 2377 per-

225 2385 306 2422 169
336 2388 552 2436 stringens:
582 2390 674 2424 tunc
705 2399 796 2424 vero
826 2389 1043 2434 verebatur,
1074 2398 1122 2424 ne
1151 2388 1407 2436 Longinianis
1437 2387 1746 2424 animadversio-

337 2443 448 2479 nibus
485 2442 585 2480 idem
625 2443 810 2480 eveniret.
877 2446 1010 2489 Porro,
1047 2454 1123 2480 non
1164 2445 1314 2480 ferebat
1352 2444 1571 2480 tarditatem
1602 2443 1746 2479 editio-

337 2498 411 2548 nis,
442 2501 515 2535 iam
546 2500 646 2535 ultra
683 2503 833 2535 sextum
871 2510 1011 2536 annum
1056 2503 1214 2537 tractae.
1273 2501 1399 2548 Igitur
1429 2500 1746 2537 Dissertationem

338 2556 385 2590 de
429 2556 521 2592 Vita
559 2560 596 2592 el
630 2557 804 2602 Scriptis
845 2556 1039 2603 Lonye'm',
1087 2567 1198 2602 quam
1238 2560 1376 2602 antea,
1417 2557 1506 2592 item
1546 2556 1743 2604 scriptam,

337 2611 483 2656 'roupio
513 2612 664 2648 mittere
695 2612 968 2657 constituerat,
1000 2622 1172 2648 seorsum
1187 2609 1247 2660 ”J
1275 2611 1360 2658 ipse
1390 2611 1508 2647 edidit
1540 2612 1746 2660 Lugduni-

338 2741 364 2783 ‘)
390 2743 498 2781 Epist.
523 2742 567 2780 ΙΙ,
593 2743 623 2780 1,
651 2744 725 2774 194.

340 2785 381 2825 “’)
407 2787 460 2818 Cf.
486 2795 590 2826 supra
616 2796 692 2827 pag.
719 2789 776 2819 553.
803 2789 856 2818 ed.
883 2797 934 2828 pr.
963 2790 1032 2820 1³13.
