1833 3237
882 235 1190 273 -4-

335 349 556 387 excitentur
585 348 632 384 ad
665 346 839 383 eiusdem
867 347 997 384 laudis
1025 347 1212 396 studium,
1246 349 1285 383 et
1314 346 1434 384 studii
1462 346 1538 384 iter
1566 347 1740 395 pruden-

334 411 394 443 ter
423 406 607 455 dirigant.

291 465 317 501 3
444 459 636 506 Equidem
667 468 753 494 cum
784 469 937 504 semper
965 458 1020 494 ita
1046 457 1232 505 iudicavi,
1263 460 1342 494 tum
1372 469 1495 504 nuper
1521 459 1578 495 de=
1598 459 1743 496 Ruhn-

335 515 503 553 keniano
522 514 808 551 Hemsterhusii
834 514 965 561 elogio
987 515 1178 559 scribens,
1193 510 1232 561 *J
1262 524 1451 560 magnum
1473 516 1602 551 virum
1621 516 1699 551 nisi
1717 525 1744 551 a
1763 532 1765 537 ·

335 581 478 617 mayno
505 572 589 606 viro
617 571 693 606 rite
715 571 874 606 laudari
900 580 981 605 non
1006 566 1201 617 posse.**)
1237 571 1303 605 Me
1325 580 1416 605 vero
1439 574 1574 606 natura
1597 572 1637 606 in
1657 581 1744 607 me-

336 627 535 663 diocribus
577 636 668 662 esse
707 625 929 661 hominibus
970 625 1115 669 voluit3
1153 628 1194 661 ut
1224 635 1308 661 mea
1336 625 1586 661 mediocritas
1615 636 1744 671 quan-

334 687 415 719 tum
445 693 468 717 a
497 682 724 719 Ruhnkenii
754 681 1042 729 magnitudine,
1083 684 1227 716 tantum
1267 682 1315 716 ab
1346 681 1431 717 eius
1461 680 1744 728 magnitudinis

334 738 552 774 laudandae
582 738 771 773 facultate
801 737 917 773 absit.
977 738 1098 779 Quam
1128 736 1223 771 mihi
1251 737 1478 772 facultatem
1508 737 1543 772 si
1572 737 1637 772 vel
1668 747 1744 772 na-

335 798 421 831 tura
452 795 516 830 vel
545 793 722 829 doctrinm
752 793 971 838 tribuisset,
1002 793 1180 836 profecto
1210 791 1328 826 huius
1358 792 1544 837 temporis
1575 791 1744 828 conditio

334 851 515 896 eriperet.
574 849 694 893 Nam,
717 850 761 882 ut
790 847 844 882 nil
874 846 1000 881 dicam
1030 846 1078 881 de
1107 846 1254 892 patria,
1285 856 1385 892 quae
1414 850 1454 881 et
1482 847 1749 892 praesentium

334 905 612 941 difficultatum
647 913 768 938 sensu
807 906 845 937 et
880 901 1182 947 impendentium
1231 906 1336 937 metu
1380 902 1515 948 optimi
1555 902 1748 948 cuiusque

335 960 502 996 animum
533 958 744 994 sollicitum
776 968 823 994 ac
852 968 1085 1002 suspensum
1117 960 1243 993 tenet:
1285 957 1421 994 habuit
1459 958 1525 993 hie
1554 957 1642 1003 ipse
1670 968 1748 994 an-

337 1012 495 1062 nus***)
526 1015 646 1050 multa
675 1014 772 1049 mihi
803 1013 983 1059 privatim
1014 1013 1143 1049 tristia
1173 1016 1213 1049 et
1238 1013 1424 1058 adversa,
1455 1023 1543 1049 cum
1571 1013 1670 1060 alia,
1690 1013 1749 1061 ⁴de

336 1071 478 1117 quibus
508 1071 641 1105 dicere
671 1079 746 1104 non
778 1072 840 1104 est
870 1079 991 1114 opuS‚
1030 1072 1110 1104 tum
1151 1069 1242 1104 duo.
1261 1069 1515 1104 acerbissima
1551 1069 1598 1104 ad
1629 1068 1750 1105 animi

337 1127 412 1163 mei
441 1125 612 1162 dolorem
643 1125 793 1160 funera.
852 1125 1037 1170 Primum,
1062 1123 1188 1170 ipsius
1218 1124 1445 1160 Ruhnkenii
1465 1123 1586 1170 obitu,
1617 1135 1747 1170 quan-

335 1186 469 1229 topere
507 1191 569 1217 me
604 1179 839 1217 commoveri
877 1190 947 1226 par
985 1178 1092 1216 suit?
1131 1190 1206 1226 quo
1244 1181 1411 1226 amisso,
1450 1181 1566 1216 simul
1604 1183 1645 1216 et
1673 1190 1750 1226 pa-

338 1238 462 1274 rentis
492 1238 697 1283 affectum,
728 1240 767 1272 et
797 1235 975 1277 doctoris,
995 1236 1147 1282 lumen,
1178 1240 1218 1272 et
1248 1236 1363 1272 amici
1391 1236 1527 1283 fidem,
1558 1240 1598 1273 et
1626 1236 1750 1272 fami-

339 1294 449 1330 liaris
489 1293 790 1340 iucunditatem,
841 1297 879 1328 et
919 1292 1073 1328 omnino
1117 1292 1322 1328 maximam
1370 1293 1475 1328 vitae
1513 1293 1751 1329 suavitatem

340 1350 534 1387 desidero.
602 1349 774 1396 Deinde,
814 1359 930 1395 quum
961 1359 1011 1384 ex
1041 1349 1115 1384 hoc
1146 1359 1206 1384 me
1236 1349 1367 1384 dolore
1395 1349 1634 1395 aliquantum
1665 1348 1752 1384 eri-

285 1416 288 1419 *
338 1414 458 1455 gere,
487 1416 652 1451 eumque
680 1406 764 1441 vita
791 1405 867 1441 viri
896 1405 1178 1441 conscribenda
1209 1405 1329 1440 solari
1358 1405 1600 1452 coepissem,
1636 1405 1751 1440 ecce!
1799 1427 1805 1438 .

340 1463 596 1498 domesticum
626 1461 764 1497 incidit
793 1461 955 1496 vulnus!
987 1461 1221 1496 suavissima
1251 1465 1290 1496 et
1319 1461 1423 1496 filiae
1451 1462 1576 1497 instar
1606 1461 1751 1496 dilecta

340 1519 491 1565 neptis,
528 1517 588 1554 rei
628 1527 738 1554 meae
774 1516 980 1552 familiaris
1020 1520 1060 1552 et
1096 1516 1359 1552 adiumentum
1400 1520 1438 1552 et
1468 1519 1749 1562 ornamentum,

338 1574 379 1609 in
415 1574 501 1619 ipso
540 1573 757 1609 iuventutis
796 1574 917 1619 ssore,
956 1574 1113 1608 funesto
1161 1573 1292 1609 morbo
1330 1572 1433 1608 intra
1480 1581 1626 1619 paucos
1665 1571 1752 1607 dies

339 1629 443 1665 domi
480 1639 590 1665 meae
629 1629 909 1675 exstinguitur.
975 1629 1050 1672 Qui
1090 1639 1207 1664 casus
1257 1638 1467 1673 sanequam
1507 1631 1546 1663 et
1582 1637 1654 1663 sua
1692 1636 1755 1663 me

299 1685 535 1732 4gravitate
573 1684 916 1720 vehementissime
954 1683 1143 1729 perculit,
1181 1687 1221 1719 et
1259 1684 1306 1719 ad
1344 1683 1572 1719 Ruhnkenii
1607 1684 1754 1719 luctum

341 1739 555 1783 renovavit,
585 1742 625 1773 et
655 1749 804 1774 omnem
835 1739 1033 1774 scribendi
1063 1739 1346 1795 cogitationem,
1370 1749 1419 1774 ex
1448 1739 1577 1775 animo
1606 1749 1756 1775 excus-

343 1796 408 1832 sit.
466 1795 595 1842 Igitur
632 1793 673 1829 in
711 1793 872 1828 duorum
921 1793 1207 1829 carissimorum
1246 1794 1416 1838 capitum
1457 1793 1669 1830 amissione
1708 1804 1755 1830 ac

342 1850 560 1897 desiderio,
598 1850 638 1885 in
678 1849 813 1885 dolore
852 1852 1010 1884 recente
1047 1859 1195 1885 omnem
1233 1849 1385 1897 ingenii
1423 1850 1599 1897 vigorem
1629 1851 1756 1887 hebe-

344 1911 473 1953 tante,
514 1905 705 1952 quomodo
743 1905 994 1951 probabiliter
1030 1905 1178 1952 fungar
1217 1915 1263 1940 ea
1298 1905 1535 1953 scriptione,
1575 1916 1677 1952 quae
1716 1909 1756 1941 et

342 1963 502 1999 liberam
532 1961 684 2009 ingenii
713 1961 980 2008 agitationem,
1009 1964 1048 1996 et
1077 1961 1280 2008 cogitandi
1309 1961 1566 2008 diligentiam,
1595 1966 1634 1998 et
1663 1960 1756 1997 ani-

345 2029 447 2055 mum
477 2018 583 2054 curis
613 2017 795 2062 solutum,
826 2020 865 2052 et
895 2017 1014 2052 otium
1045 2016 1094 2051 ab
1124 2017 1228 2052 omni
1257 2017 1572 2062 interpellatione
1588 2027 1755 2066 vacuum

345 2073 529 2121 postulat.
585 2074 637 2108 Et
667 2075 818 2118 tamen,
854 2072 1091 2107 cuicuimodi
1120 2074 1202 2116 est,
1232 2073 1394 2118 scriptio
1423 2073 1553 2108 statim
1583 2076 1625 2109 et
1653 2083 1755 2109 cou-

345 2130 457 2166 tinuo
495 2132 534 2164 et
572 2127 824 2174 suscipienda
855 2130 894 2162 et
924 2127 1164 2163 conficienda
1194 2130 1278 2162 est:
1315 2128 1438 2164 dolori
1476 2128 1532 2164 ita
1561 2129 1757 2165 resisten-

346 2185 452 2232 dum,
480 2186 525 2220 ut
553 2184 736 2230 temporis
766 2183 1009 2229 medicinam,
1040 2182 1166 2228 quoad
1197 2183 1284 2218 eius
1314 2185 1398 2220 fieri
1428 2186 1576 2229 potest,
1605 2184 1758 2220 ratione
1824 2191 1826 2229 ξ

345 2235 809 2285 repraesentemus.****)
866 2240 1039 2275 Interest
1068 2238 1302 2287 hiterarum,
1320 2239 1484 2275 interest
1506 2239 1758 2276 calamitosae
1806 2247 1823 2286 ῃ

354 2383 389 2420 ·)
413 2381 656 2412 Bibliothecae
681 2379 850 2420 criticae,
876 2381 958 2412 Vol.
983 2381 1043 2412 111.
1068 2381 1161 2412 Part.
1180 2380 1220 2412 n.
1247 2389 1281 2420 p.
1301 2381 1376 2413 118.

350 2449 396 2486 ⁸⁴)
418 2446 492 2479 Cic.
517 2447 559 2478 ad
584 2448 682 2479 Fam.
691 2448 770 2486 XV,
789 2448 821 2479 6.
840 2457 890 2488 pr.
917 2447 1079 2486 „Laetus
1101 2456 1180 2478 sum
1204 2448 1357 2479 laudari
1380 2455 1451 2486 me,
1476 2447 1589 2487 inquit
1612 2447 1758 2487 Hector,

395 2494 522 2531 opinor
545 2493 634 2531 apud
660 2493 844 2530 Naevium,
868 2493 931 2524 abs
956 2493 1013 2533 te,
1037 2493 1165 2533 pater,
1190 2502 1213 2523 α
1238 2493 1391 2524 laudato
1414 2492 1534 2523 viro.“
1568 2491 1622 2524 cf.
1638 2493 1682 2534 V,
1699 2491 1756 2523 12.

395 2537 472 2576 S·'⁷·
499 2537 606 2568 Tusc.
623 2537 723 2576 Disp.
733 2538 794 2578 1V,
807 2538 862 2568 31.
880 2539 1005 2569 senec.
1024 2538 1126 2577 epist.
1141 2536 1221 2569 102.
1241 2545 1320 2578 pag.
1338 2536 1414 2568 108.
1438 2538 1510 2576 Bip.
1527 2536 1599 2567 FB.

349 2604 414 2640 ··‘)
441 2602 538 2634 1798.
565 2611 632 2644 quo
657 2604 746 2635 haec
769 2606 913 2643 scripsi.

349 2667 428 2706 ωἼ
452 2669 521 2701 Cic-
549 2670 594 2701 ad
617 2671 717 2702 Fam.
740 2671 786 2711 V,
814 2671 868 2711 16,
891 2673 925 2703 5.
951 2679 1002 2711 sq.
1050 2669 1148 2703 Nam
1172 2671 1268 2712 quod
1292 2670 1462 2702 allatura
1485 2669 1542 2700 est
1563 2669 1649 2710 ipsa
1673 2668 1759 2700 din-

398 2714 574 2755 turnitas,
597 2723 690 2755 quae
713 2716 889 2748 maximos
911 2717 1037 2748 luctus
1057 2716 1237 2748 vetustate
1259 2716 1372 2755 tollit,
1395 2714 1434 2745 id
1457 2721 1525 2745 nos
1544 2713 1761 2755 praecipere

399 2758 547 2790 consilio
569 2758 843 2801 prudentiaque
866 2760 1039 2793 debemus.
1064 2760 1207 2793 Etenim
1230 2762 1261 2792 si
1284 2761 1390 2792 nulla
1411 2759 1489 2799 suit
1510 2767 1691 2801 unquam,
1716 2757 1762 2790 li-

400 2803 494 2835 beris
517 2804 683 2845 amissis,
708 2805 783 2837 tam
808 2804 992 2838 imbecillo
1015 2806 1150 2843 mulier
1171 2807 1316 2846 animo,
1340 2812 1439 2846 quae
1461 2810 1533 2836 non
1556 2802 1761 2846 aliquanao
