1833 3237
664 182 938 222 -89—

94 297 267 345 quintus
300 296 469 333 accessit
515 296 772 334 Ruhnkenius
818 296 967 342 scripta
1015 296 1217 333 oratorum
1263 295 1498 332 Graecorum

97 355 244 392 Critica
283 353 467 391 Historia.
540 355 591 390 Et
630 353 939 399 quandoquidem
980 352 1020 388 bi
1061 354 1144 388 fere
1182 351 1305 388 Attici
1343 353 1499 387 fuerant

97 412 295 455 Oratores,
326 410 587 446 constituebat
617 409 853 445 Rhodiorum
883 409 974 444 item
1005 411 1044 445 et
1073 408 1338 445 Asiaticorum
1368 408 1499 444 histo-

98 467 194 504 riam
236 466 369 502 eadem
404 466 552 502 ratione
591 465 798 511 persequi:
844 465 997 510 iamque
1035 468 1257 510 apparatum
1305 463 1501 501 instruere

97 523 420 572 adgrediebatur:
451 532 562 568 porro
581 521 856 558 Fabricianum
885 524 1090 567 utrumque
1119 531 1216 566 opus
1246 521 1371 557 denuo
1402 520 1500 556 ede·
1515 517 1595 555 148

97 590 153 627 re,
184 591 232 616 ac
260 578 539 625 supplementis
581 578 1061 623 animadversionibusque
1101 576 1341 623 locupletare
1371 576 1500 613 desti-

99 637 236 673 nabat:
278 641 316 670 et
347 634 580 670 destinatum
612 634 863 682 perfecisset,
903 634 938 669 si
969 634 1034 670 vel
1070 630 1171 669 alius
1201 643 1287 668 eum
1326 633 1373 668 ad
1404 643 1501 680 opus

99 692 316 741 urgendum
348 690 388 738 ⁹]
432 691 656 738 incitasset,
707 690 771 731 vel
805 690 892 736 ipse
931 700 1002 726 suo
1041 689 1186 725 iudicio
1231 700 1303 725 non
1345 689 1391 725 ad
1424 689 1502 725 alia

96 758 216 795 opera
245 748 389 784 dudum
418 748 558 783 affecta
587 746 823 792 perficienda
853 749 1059 783 revocatus
1090 746 1245 784 suisset.
1276 742 1336 793 **)

208 804 337 841 Venio
379 814 480 840 nuno
518 803 565 838 ad
596 796 692 839 illud
720 806 890 850 tempus,
933 813 1006 849 quo
1045 806 1177 838 nostra
1212 801 1364 838 exstitit
1403 811 1502 837 con-

98 861 257 906 iunctio,
293 870 406 905 quum
439 869 514 907 ego
546 858 780 895 Ruhnkenio
812 859 939 895 adhuc
969 859 1128 906 ignotus
1159 868 1219 894 me
1249 858 1335 904 ipse
1367 857 1503 893 conci-

97 917 192 953 liavi
222 915 368 961 scripta
397 914 446 950 ad
477 925 564 950 eum
595 915 775 960 Epistola
807 916 957 951 Criu'ca
987 917 1029 950 in
1058 916 1276 959 Iulianum,
1311 915 1502 960 Eunapi-

97 984 165 1009 um
194 976 232 1009 ec
260 971 575 1018 Aristaenetum‚
616 971 873 1020 Goettingae,
916 981 1015 1006 anno
1047 971 1084 1006 h.
1114 981 1146 1006 s,
1177 970 1424 1018 sexagesimo
1465 975 1504 1005 et

98 1040 214 1066 nono:
244 1038 345 1074 quae
379 1027 517 1063 notitia
546 1028 690 1063 sensim
722 1027 769 1062 ad
801 1027 1143 1073 consuetudinem,
1186 1026 1505 1071 familiaritatem,

99 1089 138 1122 et
165 1085 338 1122 intimam
370 1083 577 1119 amicitiam
608 1084 742 1119 crevit.
801 1083 891 1119 Fuit
921 1083 1022 1121 enim
1046 1083 1305 1119 Ruhnkenius
1325 1082 1433 1129 mibi,
1463 1086 1506 1117 ut

97 1142 171 1188 ipsi
203 1139 537 1186 HemsterhusiuS,
556 1136 633 1187 ***)
665 1150 788 1175 novae
820 1140 949 1176 veluti
979 1140 1085 1175 vitae
1116 1143 1273 1176 auctor:
1304 1142 1433 1186 atque,
1463 1140 1506 1174 ut

97 1199 185 1244 ipse
222 1206 367 1243 magna
406 1196 482 1231 fuit
517 1195 591 1231 mei
630 1207 739 1243 parS,
781 1196 836 1232 ita
877 1206 952 1244 ego
991 1196 1175 1231 nonnulla
1212 1195 1359 1241 ipsius:
1398 1195 1505 1231 etin

99 1254 226 1300 ipsius
255 1253 338 1288 vita
368 1252 558 1288 narranda
586 1262 646 1288 me
677 1251 753 1288 mei
776 1252 901 1298 ipsum
932 1252 1165 1288 mentionem
1197 1250 1507 1297 praetermittere

99 1314 142 1347 ut
171 1310 339 1346 alienum
370 1311 432 1344 est
457 1318 479 1342 a
506 1307 715 1354 proposito,
746 1307 800 1343 ita-
830 1307 929 1353 apud
965 1308 1168 1354 plerosque
1198 1307 1262 1343 vel
1292 1307 1410 1342 animi
1440 1306 1507 1342 in-

97 1366 213 1416 grati,
243 1365 305 1402 vel
334 1364 632 1411 intempestivae
660 1364 873 1400 modestiae
904 1368 1031 1400 notam
1064 1365 1215 1401 subeat.
1264 1364 1350 1399 Nec
1381 1368 1507 1399 tamen

100 1423 266 1469 amplius
281 1422 328 1458 de
343 1421 555 1470 medicam,
584 1431 695 1466 quam
716 1421 763 1455 ad
781 1420 1007 1457 Ruhnkenii
1023 1431 1086 1456 res
1105 1420 1398 1468 cognoscendas
1415 1428 1508 1466 per-

100 1481 208 1516 tinet:
238 1477 547 1524 quandoquidem
575 1477 623 1513 de
652 1477 777 1513 initiis
800 1477 1011 1513 studiorum
1040 1487 1209 1513 meorum
1238 1477 1314 1513 alio
1341 1476 1380 1512 in
1409 1476 1508 1512 libro

101 1540 249 1572 tantum
266 1534 360 1578 dixi,
391 1537 571 1579 quantum
592 1534 777 1580 temporis
797 1534 950 1579 locique
969 1533 1075 1570 illius
1094 1533 1193 1569 ratio
1208 1533 1441 1579 postulabat.
1459 1528 1509 1579 †)

214 1593 303 1638 Ego
335 1590 582 1638 undeviginti
612 1600 734 1625 annos
765 1594 888 1635 natus,
920 1590 1020 1626 lecto
1050 1590 1333 1635 Xenophonte,
1364 1589 1412 1623 ad
1443 1588 1507 1624 al-

102 1652 227 1685 terum
256 1646 482 1684 Socraticae
511 1646 719 1681 suavitatis
749 1647 894 1681 fontem
924 1645 1117 1682 accedens
1153 1646 1363 1691 Platonem,
1393 1644 1507 1681 miri-

102 1707 175 1741 fico
215 1702 379 1749 quodam
421 1702 538 1738 huius
577 1702 705 1737 studio
745 1702 940 1749 capiebar,
983 1712 1056 1738 non
1095 1702 1219 1737 solum
1261 1706 1303 1737 ut
1340 1700 1507 1749 legendo

103 1760 241 1797 satiari
271 1770 346 1796 non
378 1769 545 1805 possem,
573 1758 641 1794 sed
674 1761 714 1793 ut
745 1758 1101 1794 animadversiones
1131 1759 1247 1793 etiam
1277 1758 1315 1793 in
1348 1758 1503 1804 pleros·
1522 1761 1601 1799 149

103 1827 178 1863 que
207 1815 410 1863 Dialogos‚
442 1825 509 1860 pro
539 1824 624 1849 meo
651 1813 803 1865 quidem
834 1818 949 1860 captu
980 1814 1071 1849 illas
1102 1817 1140 1849 et
1169 1813 1380 1861 iuveniles,
1420 1813 1506 1858 sed,

103 1872 228 1919 quoad
258 1870 343 1907 eius
372 1870 457 1907 fieri
487 1872 637 1917 p'osset,
677 1869 888 1918 diligenter
917 1870 1225 1917 conscriberem,
1255 1870 1357 1906 haud
1390 1880 1508 1906 secus

103 1941 149 1966 ac
178 1929 214 1965 si
244 1921 408 1964 'scholas
438 1926 478 1962 in
518 1926 718 1962 Platonem
749 1927 893 1962 habere
931 1927 1236 1962 constituissem.
1296 1929 1380 1963 Hoc
1418 1926 1507 1962 dum

104 1995 206 2036 ago,
250 1984 358 2021 venit
398 1985 498 2018 forte
536 1983 583 2016 ad
621 1992 680 2016 me
726 1982 931 2017 familiaris
967 1993 1076 2018 meus
1113 1986 1152 2017 et
1193 1981 1340 2018 amicus
1379 1984 1409 2019 Ι.
1448 1983 1508 2021 M.

106 2039 455 2085 [lassenkampius‚
492 2038 526 2073 is
557 2038 622 2083 qui
645 2037 845 2083 superiore
876 2048 975 2074 anno
1015 2037 1186 2086 (1797.)
1216 2038 1254 2074 in
1286 2039 1508 2075 Rintelensi

105 2097 321 2135 Academia
353 2095 557 2131 Professor
587 2094 686 2129 diem
718 2094 837 2140 obiit,
880 2094 982 2130 haud
1014 2095 1200 2131 mediocri
1230 2106 1324 2130 sane
1355 2098 1393 2131 et
1420 2105 1508 2132 mco

103 2164 189 2190 cum
229 2152 380 2194 dolore,
427 2153 466 2186 et
504 2150 725 2186 eruditioris
775 2150 1019 2198 Theologiae
1058 2151 1308 2188 detrimento:
1360 2151 1394 2187 is
1425 2151 1509 2199 igi-

103 2213 166 2246 tur
206 2209 254 2244 ad
294 2219 355 2244 me
393 2206 558 2242 veniens
594 2206 764 2242 libellum
806 2206 955 2254 adfert,
1006 2207 1054 2243 de
1092 2207 1205 2243 cuius
1242 2217 1312 2242 nec
1350 2211 1508 2244 auctore

102 2265 254 2303 editore
299 2264 428 2300 adhuc
458 2263 519 2299 vel
559 2262 598 2299 in
629 2263 739 2300 libris
781 2262 979 2310 legeram,
1020 2263 1082 2299 vel
1111 2263 1229 2299 fando
1268 2263 1509 2312 audiveram,

104 2411 134 2448 ⁸)
158 2410 219 2441 Sic
241 2408 274 2440 li.
298 2408 322 2439 l.
349 2408 453 2438 ctiam
478 2415 531 2447 pr.
558 2406 611 2438 ed.
639 2406 691 2438 Cf.
716 2414 821 2447 supra
845 2414 927 2448 pag.
953 2407 1006 2438 ed.
1033 2415 1084 2446 pr.
1112 2407 1186 2439 136.
1234 2407 1306 2440 FB.

103 2475 148 2514 ”J
172 2476 284 2514 Quum
317 2474 510 2514 discipulos
544 2474 673 2506 Literis
697 2476 842 2506 strenue
868 2478 1078 2513 operantes,
1113 2475 1177 2505 illo
1204 2478 1361 2516 tempore
1392 2477 1512 2517 plures

148 2521 310 2556 haberet,
349 2527 439 2550 tinus
463 2518 613 2550 ioannes
639 2516 889 2558 Enscbedeus,
926 2520 1196 2560 disputationem
1231 2520 1274 2551 de
1308 2521 1444 2553 Tutelis
1476 2527 1512 2554 et

148 2566 346 2606 Insignibus
372 2565 529 2603 Navium,
564 2566 643 2595 eins
666 2566 845 2604 auspiciiS,
871 2568 906 2596 et
935 2566 1092 2604 scripsit,
1118 2569 1154 2596 et
1176 2566 1314 2604 publice
1339 2567 1510 2607 defendit,

151 2617 242 2641 anno
277 2610 378 2641 1770.
426 2609 493 2640 Sed
521 2609 570 2640 'de
602 2606 808 2640 Enscbedeo
840 2611 927 2640 satis
953 2614 1007 2640 est
1037 2610 1126 2651 qnod
1161 2610 1313 2642 diximus
1344 2613 1509 2645 Bibliotb.

153 2655 241 2687 Crit.
270 2656 307 2686 P.
332 2654 409 2686 ΧΙΙ.
436 2663 515 2694 pag.
541 2655 596 2686 90.

108 2719 167 2759 Μ)
193 2721 246 2752 (Ὶ“.
271 2729 376 2761 supra
400 2730 478 2763 pag.
502 2723 557 2753 32.
585 2723 640 2753 ed.
668 2730 718 2761 pr.
741 2722 814 2753 ΕΒ.

107 2777 152 2817 †)
178 2776 255 2807 vid.
282 2777 535 2816 Wyttenbach.
563 2778 709 2818 praefat.
736 2777 777 2808 ad
803 2778 943 2808 selecta.
969 2779 1121 2818 Princip.
1147 2780 1279 2810 Histor.
1304 2779 1376 2810 ER.
