1816 3233
622 223 931 268 —235--·

70 339 250 381 Religioni
272 336 369 379 (sibi)
394 338 547 381 ducere,
577 340 746 381 religioni

118 386 249 417 babere
273 384 365 424 aliqd
389 384 467 415 207.

71 431 214 470 Reliqui
255 437 378 461 omnes
421 429 593 460 usitatius
636 436 745 470 quam

119 483 243 506 omnes
267 475 394 515 reliqui
419 474 498 506 185.

71 521 237 561 Remigio
261 528 326 551 suo
351 527 428 551 rem
451 527 580 560 gerere
605 519 682 551 184.

72 566 277 597 Removere
301 562 338 604 (a
355 563 444 605 rep.)
461 568 650 596 curatores
665 565 745 596 207.

73 611 264 642 Renovare
287 610 440 649 aliquem
466 611 634 649 (alicuius
667 612 746 641 ani-

118 662 231 695 mum,
257 654 422 693 mentem)
448 655 490 686 ad
514 656 642 687 luctum
667 655 745 687 170.

73 700 273 740 Repetebat
296 699 419 731 dicens
442 707 491 730 an
506 705 675 739 repetens
692 700 747 731 di-

121 746 222 777 cebat
244 743 323 776 207.

7 782 10 785 ’
71 788 146 822 Res
166 789 250 828 ipsa
272 789 480 828 saepissime
502 789 655 829 ponitur
676 796 747 828 pro

117 834 174 866 rei
196 833 376 866 attributo
402 835 479 867 179.
518 836 597 887 quid
628 842 747 866 rerum

117 874 224 920 agis?
256 880 334 921 quid
360 888 476 911 rerum
509 881 607 920 geris
591 878 632 911 03
667 879 746 910 198.

119 925 226 956 rebus
251 926 410 956 humanis
434 929 578 964 ereptus
604 924 679 955 175.

72 970 267 1010 Respicere
278 967 469 1011 (spectare,
479 968 655 1010 cogitare)
669 968 745 1001 175.

72 1015 320 1048 Revalescere
341 1014 422 1047 200.

75 1061 265 1093 Revocare
289 1061 332 1091 ad
355 1061 482 1099 vitam,
507 1059 549 1091 ad
573 1061 666 1091 vitae
690 1058 747 1090 lu-

122 1112 212 1147 cem,
237 1108 272 1136 in
296 1105 412 1136 lucem
436 1104 514 1136 202.

74 1150 154 1182 Rite
178 1150 257 1181 169.
285 1150 361 1182 174.
391 1150 467 1182 176.

74 1195 252 1227 Rivalitas
277 1195 356 1226 193.

75 1241 273 1272 Romanum
298 1240 333 1271 et
356 1240 521 1272 Latinum
545 1239 621 1272 190.

77 1286 189 1317 Sacra
213 1284 344 1317 Critica
370 1285 448 1316 193.

77 1330 217 1362 Saeculi
241 1331 369 1370 genius
391 1330 470 1361 205.

76 1376 248 1408 Salarium
272 1374 349 1406 189.
374 1375 587 1407 luculentum
610 1372 696 1405 ibid.

0 1427 15 1472 ζ.
77 1421 337 1453 Sallustius
371 1420 409 1452 in
445 1419 548 1452 Catil.
593 1419 670 1450 198.
715 1420 751 1450 in

123 1465 266 1507 Fragm.
290 1464 370 1495 179.

0 1486 14 1535 Ξ
77 1511 232 1544 Salutem
256 1510 400 1542 multam
415 1490 536 1542 dicere
551 1510 656 1542 alicui
672 1508 750 1541 206.

82 1557 229 1594 sanitas
252 1555 332 1587 175.

77 1601 172 1635 Satis
197 1601 279 1632 mihi
303 1602 376 1641 est,
415 1601 503 1633 satis
536 1600 648 1633 liabeo
681 1608 753 1641 seq.

125 1644 230 1687 Infin.
255 1645 333 1677 198.

78 1693 227 1734 Sebida,
252 1691 382 1724 scheda
404 1691 484 1722 186.

80 1737 234 1770 Scholae
270 1737 347 1769 182.
385 1737 635 1768 decrescentes
672 1736 752 1768 186.

125 1783 280 1815 filiorum
309 1789 381 1821 pro
411 1781 543 1813 scholis
578 1790 663 1823 quas
697 1782 752 1813 illi

128 1828 356 1868 frequentant
377 1826 458 1859 205.

81 1873 224 1905 Scholia
249 1873 324 1904 169.
351 1872 429 1904 176.

80 1918 203 1959 Scida,
227 1918 359 1949 scidula
383 1916 462 1949 186.

81 1964 286 2004 Sclopetum
308 1962 387 1994 206.

81 2009 228 2048 Sclopus
253 2006 443 2048 (stloppus)
467 1978 548 2038 206.

85 2054 250 2086 Scribere
275 2054 522 2085 correctiones
546 2054 581 2084 in
605 2052 754 2093 aliquem

128 2097 310 2140 (alicuius)
334 2098 411 2129 196.

84 2145 189 2177 Secta
214 2143 292 2175 188.

83 2189 154 2222 Sed
180 2192 216 2220 et
240 2188 317 2220 184.
343 2196 415 2220 non
437 2188 543 2220 modo
567 2205 611 2210 —-
635 2188 699 2219 sed
720 2189 757 2218 et

127 2233 214 2266 ibid.
239 2233 300 2265 sed
326 2240 429 2275 vero,
454 2235 517 2264 sed
538 2242 626 2264 vero
650 2234 755 2265 etiam

125 2279 210 2318 post
231 2287 303 2311 non
326 2279 440 2310 solum
465 2277 542 2310 194.
568 2278 647 2310 195.

83 2325 218 2356 Sedula
239 2326 422 2364 excerptio
447 2324 525 2357 190.

83 2370 227 2402 Selecta
254 2369 330 2400 180.

86 2416 264 2447 Seneca
287 2415 330 2446 de
351 2415 459 2446 Brev.
483 2414 556 2445 Vit.
585 2412 666 2444 195.

84 2461 226 2492 Sentire
250 2457 503 2501 (cognoscere)
520 2461 654 2490 amicos
671 2466 756 2500 per-

128 2504 217 2536 fidos
242 2505 319 2536 197.

86 2551 282 2589 separatus
306 2550 384 2581 169.

84 2595 294 2635 Septembre
319 2603 368 2625 an
393 2595 592 2634 Septembri
618 2594 692 2625 185.

84 2642 173 2673 Sera
196 2640 490 2680 posteritas200.
514 2642 630 2671 serior
655 2639 731 2671 169.

85 2686 206 2717 Serius
228 2683 319 2716 Adv.
346 2685 424 2717 169.

85 2731 337 2771 sexagesimus
362 2733 398 2761 et
421 2733 579 2770 quartus,
603 2735 755 2766 sexage-

130 2777 241 2806 simus
261 2778 404 2815 quartus
418 2774 498 2807 186.
525 2773 571 2815 cf.
587 2775 662 2805 193.
679 2775 754 2804 195.

84 2820 122 2853 Si
144 2822 286 2853 memini
309 2820 385 2854 187.
410 2823 441 2852 si
465 2828 553 2860 quae
576 2820 610 2851 et
632 2821 663 2851 si
686 2827 753 2859 qua

858 337 935 370 184.
965 335 1046 368 205.
1081 336 1115 368 si
1146 334 1287 377 quidem
1317 333 1351 367 et
1379 335 1486 376 siqui-

858 385 934 415 dem
960 381 1036 413 181.

813 430 884 461 Sibi
906 426 1085 467 pleonast.
1107 426 1267 466 positum
1290 425 1370 458 195.

814 475 960 506 Silius
985 472 1179 504 Italicus
1204 472 1283 504 174.

813 519 985 551 Simulare
1025 519 1169 550 virtutis
1210 518 1366 558 speciem
1408 513 1488 549 204.

861 566 1026 595 virtutem
1050 560 1137 593 ibid.

813 610 1012 649 Singularis
1038 607 1113 638 174.
1139 607 1215 638 169.

815 654 992 693 Siquidem
1017 652 1051 683 et
1074 654 1108 683 si
1133 653 1272 692 quidem
1301 652 1374 683 181.

815 701 914 731 Situs
936 705 1007 737 pro
1031 700 1236 729 cessatione
1259 696 1339 729 200.

815 746 973 784 Speciem
1000 744 1142 774 virtutis
1167 743 1335 773 simulare
1367 741 1489 783 (prae-

862 790 960 829 bere,
984 795 1069 828 prae
1093 796 1133 819 se
1157 787 1270 827 ferre)
1296 786 1374 818 204.

817 834 1014 874 Specimina
1031 832 1109 863 184.
1128 834 1388 873 typographica
1401 832 1489 866 ibid.
1536 874 1539 875 ⁷

861 888 914 919 sp.
937 886 1008 917 pro
1033 878 1249 909 documentis
1280 878 1352 908 197.

817 926 1008 963 Spectator
1032 925 1225 954 formarum
1247 923 1392 963 elegans
1409 922 1488 955 191.

815 971 960 1009 Spirare
984 971 1163 1009 antiquum
1178 970 1301 1000 nescio
1317 969 1394 1008 quid
1412 968 1488 1000 190.

862 1016 1077 1045 tribunatum
1100 1012 1187 1044 ibid.

818 1061 952 1099 Sponte
976 1058 1054 1089 174.
1080 1057 1159 1090 176.
1177 1057 1254 1089 180.
1280 1060 1409 1098 sponte
1425 1065 1490 1089 sua

816 1151 965 1190 Spurius
979 1148 1055 1180 175.
1072 1149 1193 1188 spuria
1205 1149 1401 1182 auctoritas
1410 1147 1489 1181 207.

817 1195 1000 1227 Stabilitor
1027 1194 1104 1225 189.

817 1241 921 1271 Stare
944 1240 1057 1280 gratis
1083 1238 1162 1270 180.

819 1287 931 1316 Statio
956 1284 1035 1315 173.
1060 1284 1136 1315 189.

818 1333 938 1362 Stator
954 1329 1030 1360 189.
1048 1333 1200 1361 statores
1217 1329 1401 1361 literarum
1414 1327 1493 1360 197.

817 1375 930 1405 Stilus
956 1375 1034 1406 185.

819 1421 987 1459 Stloppus
1011 1417 1187 1460 (sclopus)
1209 1418 1288 1450 206.

820 1466 990 1496 Sti-letior
1004 1465 1126 1495 modus
1136 1465 1316 1502 (severior
1330 1463 1404 1507 lex)
1414 1464 1492 1497 191.

820 1510 1021 1541 Structura
1044 1508 1196 1540 liberior
1220 1509 1300 1540 179.

821 1556 969 1586 Studere
993 1562 1064 1595 seq.
1090 1559 1126 1587 ut
1150 1554 1230 1586 185.

821 1600 1008 1632 Studiosus
1037 1601 1110 1630 183.
1147 1600 1304 1631 studiosa
1327 1601 1493 1633 iuventus

866 1645 952 1676 ibid.
984 1646 1165 1677 studiosae
1189 1647 1325 1678 iuvent.
1348 1648 1494 1679 institu-

867 1693 914 1723 tio
939 1689 1023 1722 ibid.

820 1737 976 1768 Studium
993 1744 1093 1767 suum
1112 1736 1301 1768 consulere
1317 1736 1399 1768 205.
1415 1738 1496 1769 stu-

867 1783 1005 1813 diorum
1029 1783 1262 1813 amoenitates
1287 1781 1364 1813 196.

821 1830 970 1860 suasus:
997 1836 1103 1858 suasu
1121 1827 1272 1858 alicuius
1290 1829 1328 1858 et
1343 1827 1495 1860 consilio

868 1872 947 1903 184.
972 1873 1015 1904 ob
1038 1880 1154 1903 meum
1179 1880 1320 1904 suasum
1344 1871 1433 1905 ibid.

822 1919 892 1950 Sub
917 1926 1021 1948 manu
1046 1916 1121 1948 174.
1149 1916 1228 1948 176.
1267 1918 1333 1949 sub
1356 1926 1496 1952 manum

867 1962 945 1993 174.
970 1963 1034 1993 sub
1051 1963 1155 1993 huius
1170 1963 1312 1993 nomine
1330 1962 1406 1993 196.
1429 1965 1496 1996 sub

868 2008 1019 2047 Longini
1044 2008 1187 2039 nomine
1217 2006 1268 2048 (in
1291 2008 1405 2050 Long.
1429 2017 1497 2042 no—

870 2051 978 2092 mine)
1003 2052 1079 2083 192.

823 2098 1014 2129 Subactum
1026 2098 1201 2139 iudicium,
1218 2099 1398 2140 ingenium
1414 2097 1496 2133 175.

823 2144 1037 2174 Subbastare
1062 2143 1138 2174 192.

822 2189 1047 2220 Subliastatio
1073 2188 1151 2219 192.

822 2234 1038 2266 Submovere
1056 2232 1091 2273 (a
1108 2232 1198 2275 rep.)
1215 2238 1402 2269 curatores
1415 2234 1497 2269 207.

822 2280 1014 2310 Successor
1038 2279 1113 2310 193.

822 2326 1072 2355 Suetonius
1097 2326 1132 2356 in
1151 2325 1242 2366 Aug.
1267 2325 1347 2358 206.
1372 2328 1408 2359 in
1433 2328 1496 2359 'ri-

871 2369 944 2399 ber.
967 2368 1055 2400 ibid.
1080 2369 1122 2401 de
1147 2370 1233 2402 clar.
1248 2371 1399 2404 Gramm.
1414 2372 1495 2405 202.

825 2414 1054 2453 sulpitius
1080 2416 1368 2455 Apollinaris
1392 2416 1472 2451 184.

823 2460 936 2498 Super
961 2467 1106 2491 coenam
1131 2460 1209 2493 208.

824 2505 1079 2542 superstruere
1102 2504 1181 2536 185.

823 2551 935 2588 Supra
973 2554 1137 2582 caeteros
1172 2550 1249 2583 177.
1285 2560 1314 2583 s.
1355 2555 1496 2594 captum

869 2593 945 2626 178.
980 2604 1092 2627 annus
1116 2597 1247 2636 primus
1277 2606 1386 2639 supra
1409 2608 1496 2640 qua-

868 2639 1103 2679 dragesimum
1130 2641 1205 2672 191.

823 2685 992 2723 systema
1020 2686 1093 2717 190.

826 2730 1001 2771 Taberna,
1027 2732 1176 2763 taberna
1198 2730 1346 2766 libraria
1367 2732 1449 2766 180.

825 2774 963 2814 Tacito,
986 2779 1092 2808 tacite
1115 2777 1194 2809 206.

822 2819 1013 2853 Tacitus
1035 2823 1073 2855 in
1095 2822 1216 2864 Agric.
1246 2822 1322 2856 193.
1358 2825 1394 2858 in
1417 2827 1495 2860 An-
