1833 3237
888 210 943 218 —-
1003 189 1084 229 1-12
1145 210 1194 218 -

332 315 472 342 errore.
539 305 578 340 Is
617 302 751 337 aderat
789 305 1025 353 apparatus,
1070 304 1113 338 ut
1144 300 1337 337 >editionis
1379 302 1469 339 dote
1508 303 1742 340 satisfacere

331 362 421 397 aliis
453 359 629 396 omnibus
659 357 785 393 doctis
817 358 1037 394 hominibus
1067 360 1226 403 posset,
1265 356 1341 392 sibi
1370 357 1458 402 ipse
1488 369 1564 394 non
1595 361 1741 405 posset.

332 418 459 452 Locos
499 415 724 465 corruptos,
753 414 956 460 obscuros,
986 414 1180 457 difficiles,
1209 412 1327 459 longe
1356 413 1542 458 plurimos
1573 414 1747 460 expedi-.-.

332 476 460 506 verat:
493 470 691 505 restabant
721 469 822 505 haud
854 469 982 517 pauci,
1013 470 1061 505 de
1091 469 1232 514 quibus
1263 468 1517 514 expediendis
1537 470 1615 519 ipsi
1636 481 1742 506 non-

332 528 420 562 dum
451 525 635 570 liquebat.
694 526 742 561 Hi
784 525 871 571 plus
909 526 1010 571 apud
1053 535 1141 560 eum
1181 524 1363 560 valebant
1402 525 1449 560 ad
1481 525 1741 562 abiiciendum

331 581 513 617 editionis
544 580 764 627 consilium,
796 591 909 627 quam
939 581 996 616 illi
1026 581 1075 616 ad
1106 579 1428 627 persequendum.
1487 581 1741 626 Respiciebat

330 638 532 674 Timaeum
562 647 698 673 suum:
727 636 1073 682 animadvertebat,
1104 639 1290 682 quantum
1321 635 1413 671 huic
1441 635 1490 670 ad
1521 637 1741 682 perfectio-

331 704 416 728 nem
455 693 631 730 deesset:
673 693 780 728 nulla
818 693 906 728 dies
944 693 1093 737 abibat,
1133 692 1225 738 quin
1265 691 1384 728 lectio
1426 692 1587 727 aliorum
1617 693 1742 728 libro-

331 759 414 784 rum
445 749 564 784 multa
594 750 631 784 ei
660 749 863 798 obiiceret,
903 749 1044 797 quibus
1082 747 1442 783 animadversiones
1471 748 1509 782 in
1540 748 1742 784 Timaeum

331 808 368 840 et
397 807 652 855 augerentur,
690 807 730 839 et
760 814 896 839 carere
933 813 1009 840 non
1040 813 1157 850 posse
1187 803 1426 839 viderentur.
1483 804 1615 850 Igitur
1644 814 1741 840 con-

329 860 455 896 stituit
489 860 721 895 Platonicam
753 870 903 896 omnem
933 859 1133 895 materiam
1166 859 1361 905 tripertito
1392 859 1490 894 libro
1521 860 1744 912 complecti,

330 916 395 952 cui
438 917 644 953 Platonica
695 925 833 951 nomen
862 915 1138 962 inscriberet:
1193 915 1353 960 primam
1401 918 1547 960 partem
1595 917 1742 954 faceret

333 973 538 1007 Timaeum
569 982 655 1007 cum
676 971 1080 1007 animadversionibus
1098 971 1225 1006 auctis
1242 974 1281 1006 et
1299 970 1535 1016 emendatis;
1567 971 1742 1016 alteram,

234 1028 313 1064 187
328 1028 487 1063 Scholia
519 1028 741 1077 Platonica,
766 1028 859 1062 item
890 1026 1296 1062 animadversionibus
1327 1026 1542 1061 illustrata:
1572 1028 1742 1073 tertiam,

326 1083 588 1118 miscellanea
618 1083 841 1128 Platonica,
873 1093 973 1127 quae
1004 1092 1153 1117 omnem
1193 1081 1380 1126 reliquam
1412 1081 1742 1128 emendationum,

326 1138 660 1186 observationum,
701 1138 894 1174 variarum
934 1138 1158 1183 lectionum,
1198 1137 1349 1182 sylvam
1390 1137 1621 1173 contineret.
1678 1139 1742 1174 Ac

271 1224 275 1226 .
326 1194 374 1230 de
405 1196 566 1231 Timaeo
597 1194 766 1241 quidem,
797 1193 898 1240 quod
930 1195 1201 1237 constituerat,
1236 1194 1413 1239 perfecit.
1452 1193 1612 1230 Scholia
1634 1194 1741 1240 typis

326 1250 468 1286 dudum
500 1247 748 1296 descripta*)
788 1253 899 1296 sunt,
932 1250 1310 1286 animadversionum
1344 1259 1417 1284 non
1451 1249 1528 1284 nisi
1559 1260 1636 1284 una
1666 1261 1740 1296 pa-

324 1306 440 1354 gina:
472 1307 621 1352 reliqua
652 1317 742 1351 pars
774 1316 847 1341 nec
876 1306 1113 1351 conscripta,
1144 1306 1198 1342 ita
1222 1306 1260 1341 in
1281 1306 1567 1341 commentariis
1597 1306 1741 1341 adum-

326 1363 433 1397 brata
462 1373 509 1397 ac
538 1372 608 1408 per
636 1362 951 1398 adversariorum
972 1362 1126 1398 libellos
1148 1362 1327 1407 dispersa
1349 1361 1465 1413 iacet7
1487 1366 1529 1397 ut
1549 1362 1597 1397 ab
1609 1363 1741 1407 operis

325 1428 569 1461 successore,
611 1427 686 1456 non
709 1418 783 1454 nisi
806 1419 907 1454 bene
935 1422 1093 1453 versato
1114 1417 1152 1453 in
1174 1419 1336 1454 Graecis
1374 1417 1500 1453 literis
1532 1421 1571 1453 et
1603 1418 1740 1453 Plato-

330 1475 416 1509 nico
447 1477 690 1521 argumento,
721 1484 794 1510 nec
825 1474 901 1509 nisi
932 1475 1051 1509 multo
1083 1484 1168 1509 cum
1194 1474 1326 1510 labore
1346 1474 1546 1517 multaque
1563 1473 1740 1520 diligen-

328 1529 394 1576 tia,
423 1530 616 1565 conscribi
647 1530 899 1576 probabiliter
923 1530 1059 1576 possit.
1120 1532 1221 1565 Sunt
1252 1529 1350 1564 haec
1373 1529 1536 1564 Scholia
1558 1530 1740 1565 eGram-

328 1586 469 1621 matico
500 1596 647 1633 genere
678 1596 735 1631 eo,
769 1586 868 1630 quod
901 1590 939 1621 et
969 1596 1032 1620 res
1055 1588 1093 1620 et
1117 1586 1235 1620 verba
1256 1585 1514 1630 persequitur.
1572 1587 1741 1620 Exstant

326 1642 597 1689 singularibus
627 1641 664 1676 in
697 1642 897 1677 codicibus
929 1640 1178 1686 complurium
1218 1641 1555 1692 bibliothecarum,
1585 1641 1626 1676 in
1656 1641 1740 1687 pri-

326 1698 400 1732 mis
437 1697 775 1748 Florentinarum‚
814 1698 1013 1743 Venetae,
1055 1697 1398 1749 Vindobonensis,
1437 1697 1610 1732 aliarum.
1667 1699 1740 1733 Est

324 1763 419 1788 sanc
451 1763 583 1788 eorum
611 1763 708 1787 usus
739 1753 788 1787 ad
818 1753 1128 1788 constituendam
1172 1754 1345 1788 Platonis
1375 1752 1629 1797 scripturam:
1667 1762 1740 1788 nec

324 1808 503 1843 doctrina
544 1810 605 1843 est
644 1808 942 1842 contemnenda:
988 1808 1131 1842 habent
1169 1808 1286 1842 multa
1324 1808 1362 1843 in
1395 1808 1483 1842 aliis
1514 1809 1590 1843 iam
1621 1808 1738 1843 editis

325 1863 599 1900 Grammaticis
630 1863 793 1909 prodita,
809 1864 952 1898 habent
970 1863 1069 1897 haud
1087 1873 1210 1908 pauca
1230 1863 1345 1899 etiam
1369 1873 1468 1899 nova
1488 1873 1560 1899 nec
1580 1864 1739 1899 aliunde

325 1919 497 1967 cognita.
554 1919 654 1954 Illud
687 1929 760 1954 non
793 1919 967 1970 dubium,
997 1919 1086 1963 quin
1122 1920 1289 1954 maxima
1333 1919 1427 1953 libro
1459 1920 1738 1956 commendatio

323 1985 347 2009 a
377 1974 603 2011 Ruhnkenii
642 1974 1047 2009 animadversionibus
1086 1984 1295 2009 accessura
1338 1975 1495 2011 fuisset.
1564 1976 1614 2010 Et
1643 1985 1738 2011 vero

323 2031 541 2066 auctarium
561 2030 597 2066 ei
616 2030 758 2065 addere
779 2030 1013 2074 destinabat,
1031 2029 1208 2065 collectis
1224 2030 1580 2076 interpretamentis
1597 2040 1739 2077 gram-

324 2087 476 2122 maticis
507 2097 556 2122 ex
586 2086 744 2132 scriptis
783 2089 821 2122 et
852 2086 1137 2121 commentariis
1169 2086 1455 2121 Platonicorum
1486 2086 1738 2131 Philosopho-

323 2152 427 2185 rum,
470 2142 532 2188 qui
573 2152 661 2178 raro
698 2142 993 2189 grammaticum
1032 2151 1161 2188 genus
1201 2142 1424 2190 attingunt,
1473 2142 1595 2177 veluti
1634 2144 1737 2179 Por-

235 2198 469 2245 ffisphyrii‚
499 2198 641 2244 Procli,
657 2199 853 2250 Hermiae,
873 2197 1153 2244 olympiodori,
1178 2198 1418 2242 aliorumque
1449 2197 1616 2234 nondum
1647 2198 1735 2234 edi-

322 2258 460 2291 torum.

436 2333 516 2369 Sed
545 2332 637 2369 licet
668 2332 715 2368 ab
747 2332 918 2369 editione
937 2330 1112 2368 Platonis
1133 2331 1183 2366 ad
1201 2330 1343 2376 triplex
1371 2329 1468 2366 illud
1487 2339 1597 2377 opus,
1628 2332 1734 2365 tam-

323 2398 434 2434 quam
467 2399 516 2425 ex
546 2388 726 2436 longiore
756 2388 883 2424 stadio
923 2387 962 2424 in
992 2387 1153 2426 brevius
1183 2397 1227 2423 se
1257 2386 1507 2437 contulisset,
1539 2396 1587 2421 ne
1618 2385 1734 2422 huius

320 2568 349 2609 ⁸)
376 2568 478 2599 Edita
496 2574 537 2597 ea
554 2571 637 2597 suut
653 2568 689 2597 et
702 2566 832 2605 publici
853 2567 942 2595 iuris
954 2567 1045 2596 facta
1059 2573 1152 2595 auno
1164 2563 1386 2599 CIOlOCCC.
1402 2565 1467 2593 hoc
1486 2563 1604 2593 titulo.-
1620 2563 1730 2593 Scho-

367 2614 415 2643 lia
439 2614 474 2642 in
490 2612 671 2642 Platonem
696 2620 740 2642 ex
765 2610 866 2642 codd.
893 2611 1078 2641 multarum
1105 2610 1393 2640 bibliothecarum
1421 2609 1567 2646 primum
1586 2608 1731 2647 collegit

368 2658 453 2688 DaV.
475 2656 718 2687 Ruhnkeuius.
748 2655 881 2687 Leidae
907 2654 1132 2689 clame-CC.
1156 2655 1188 2684 S.
1208 2654 1262 2685 Cf.
1284 2654 1464 2684 Bredowii
1486 2653 1595 2692 Epist.
1615 2652 1730 2683 Paris.

366 2712 398 2742 p.
419 2701 492 2732 125.
517 2709 611 2741 seqq.
636 2700 917 2732 LlNDEMANN.
946 2700 1303 2731 Animadversionum
1327 2699 1362 2728 in
1381 2698 1524 2728 scholia
1547 2699 1729 2735 specimen

367 2745 524 2779 exhibuit
550 2746 732 2786 Bergman.
757 2747 793 2776 in
821 2745 950 2785 Opusc.
977 2745 1117 2776 Ruhnk.
1145 2745 1245 2776 Tom.
1271 2743 1313 2774 Π.
1332 2751 1410 2783 pag.
1436 2741 1515 2773 918.
1541 2751 1610 2782 sqq.
1657 2741 1730 2773 Fa.
