1816 3233
855 201 1167 241 -142—

307 327 422 368 „cum
453 312 660 354 stms0n0⁴÷
696 314 790 360 quin
828 318 870 352 tu
899 315 1008 362 ipsos
1039 315 1218 361 antiquos
1248 317 1368 352 lauda
1395 321 1589 361 auctores,
1620 318 1724 354 unde

307 384 408 423 „sua
439 373 555 408 habet
585 370 812 406 Simsonusz
853 370 997 418 quibus
1027 372 1330 417 interpretandis
1359 374 1658 421 corrigendisve
1687 370 1724 410 'si

306 429 366 475 „is
405 427 494 463 novi
537 426 630 472 quid
667 428 836 473 profert,
880 431 949 464 aut
987 431 1160 463 veterem
1201 437 1368 463 errorem
1407 430 1574 465 nondum
1605 433 1723 466 antea

308 483 537 535 „cognitum
566 482 725 529 refellit,
757 487 887 528 potest
915 494 1013 519 sane
1042 484 1272 528 memorari,
1303 487 1346 519 ut
1375 484 1465 519 item
1496 484 1721 521 Wesselin-

309 539 426 585 „gius
455 539 494 573 in
526 539 628 573 notis
658 538 704 573 ad
738 549 849 587 eum,
880 542 921 574 ut
951 539 1016 574 alii
1049 539 1210 585 critici,
1250 539 1314 584 qui
1345 539 1484 575 critice
1515 541 1722 576 Historiam

309 597 573 641 „tractaruntz
603 603 678 629 non
700 594 809 646 item,
838 595 904 630 ubi
926 605 987 630 res
1008 595 1263 642 pervulgatas
1290 595 1452 632 refert.“
1491 597 1588 632 Erat
1607 597 1723 642 alius,

309 650 375 695 qui
405 650 453 685 de
485 651 658 686 Romana
701 651 875 686 Historia
905 654 1042 686 testem
1081 652 1221 687 citaret
1250 651 1460 687 Rollinum.
1520 651 1723 703 ‚7Apage“

309 705 436 750 inquit
483 706 732 753 „Rollinum,
779 706 844 751 qui
891 707 1082 742 tironibus
1126 710 1165 742 et
1218 707 1386 743 indoctis
1436 706 1614 752 scripsit:
1663 706 1725 743 his

310 764 514 807 „praestat
542 761 751 797 utilitatem
781 762 944 797 iucundi
975 763 1200 809 narratoris,
1233 763 1344 799 nobis
1376 773 1450 798 non
1491 763 1610 799 habet
1649 773 1725 798 au-

307 817 557 863 „ctoritatem
588 817 794 861 locupletis
824 818 961 853 testis:
993 819 1125 854 valeat
1156 818 1267 854 nobis
1289 818 1469 864 quisquis
1488 818 1604 855 unice
1634 819 1721 854 fre-

309 875 400 919 „tus
429 873 618 909 orationis
649 874 1006 927 commendatione,
1043 877 1084 910 ut
1115 875 1170 909 ait
1198 874 1281 926 ille,

476 951 546 999 „ld
580 950 655 987 sibi
683 951 818 999 negoti
847 952 1013 987 credidit
1043 952 1168 988 solum
1199 951 1298 1000 dari,

477 1018 652 1064 „Populo
679 1021 721 1054 ut
753 1018 950 1064 placerent
984 1029 1079 1064 quas
1110 1018 1273 1054 fecisset
1302 1014 1551 1064 fabulas.“*J

421 1094 696 1143 RuhnIzenius,
729 1105 803 1141 quo
833 1099 917 1131 erat
947 1095 1079 1132 decori
1108 1106 1244 1145 sensu,
1274 1095 1566 1143 indignabatur,
1597 1094 1726 1131 bomi-

310 1161 381 1187 nes
410 1151 508 1186 adeo
540 1152 725 1197 quosdam
757 1152 893 1188 doctos
923 1151 1000 1186 ista
1030 1152 1312 1188 consuetudine
1341 1152 1542 1198 laborare,
1573 1155 1616 1187 ut
1644 1150 1725 1187 ali-

309 1218 421 1253 quem
451 1208 579 1243 locum
609 1212 848 1252 tractantes,
878 1208 976 1244 alios
1007 1218 1152 1254 omneS,
1183 1209 1250 1254 qui
1280 1219 1366 1244 eum
1398 1207 1599 1244 tractando
1629 1206 1727 1242 atti-

310 1264 485 1311 gissent,
525 1263 677 1308 ineptos
709 1264 965 1299 homunculos
995 1275 1041 1300 ac
1072 1268 1200 1300 terrae
1229 1264 1352 1309 filios,
1389 1264 1436 1299 ad
1477 1269 1610 1310 partes
1649 1272 1725 1298 vo·-

310 1324 419 1366 cent,
453 1329 524 1355 nec
554 1319 731 1356 dubitent
768 1321 888 1356 stellis
929 1321 1113 1356 nebulam
1142 1330 1330 1368 sparyere
1359 1316 1641 1367 candidis;**)
1675 1328 1725 1354 ne

311 1377 466 1412 scilicet
495 1375 639 1421 aliquid
678 1376 885 1424 ignorasse
925 1377 1153 1413 videantur:
1193 1382 1301 1413 recte
1325 1377 1542 1423 ’iudicanS,
1581 1375 1725 1412 istius·-

216 1431 297 1468 239
316 1433 415 1468 modi
443 1432 600 1467 testium
631 1433 811 1468 sordibus
843 1443 889 1467 ac
920 1433 1045 1477 faece,
1085 1434 1406 1481 gravissimorum
1437 1433 1552 1468 etiam
1584 1436 1726 1467 aucto-

318 1490 471 1524 ritatem
503 1488 658 1523 testium
690 1488 904 1538 debilitari,
930 1489 1059 1534 iisque
1090 1490 1270 1525 iniuriam
1301 1490 1411 1531 fieri,
1435 1493 1557 1534 ¹atque
1585 1488 1726 1524 librum

311 1546 407 1579 adeo
448 1544 574 1590 ipsum
606 1545 821 1589 inquinari:
864 1555 1026 1580 narrans
1059 1556 1144 1581 cum
1175 1545 1280 1591 ioco,
1320 1545 1490 1580 Bentleii
1526 1544 1622 1580 illud
1651 1554 1726 1580 su-

313 1601 469 1646 perbum
502 1600 668 1646 quidem,
700 1611 772 1636 nec
802 1605 929 1636 tamen
961 1612 983 1635 a
1014 1611 1055 1637 re
1085 1602 1252 1637 alienum
1282 1601 1451 1636 dictum:
1493 1600 1579 1652 qui7
1610 1608 1725 1645 quum

311 1658 348 1692 in
381 1657 478 1692 libro
511 1656 674 1702 quodam
715 1656 858 1692 nullam
892 1657 1053 1693 fecisset
1094 1658 1324 1693 mentionem
1355 1657 1557 1702 scriptoris
1587 1656 1726 1691 cuius-

311 1714 419 1758 dam,
462 1713 596 1748 eodem
636 1713 675 1748 in
715 1717 944 1760 argumento
976 1714 1143 1758 versati,
1174 1714 1260 1750 eius
1291 1713 1514 1749 omissionis
1545 1722 1725 1748 caussam

311 1769 591 1814 interrogatus,
623 1779 710 1804 cum
741 1769 942 1805 stomacho
972 1771 1187 1817 respondit,
1216 1770 1337 1807 Nolui
1365 1770 1562 1806 hominem
1591 1771 1726 1805 aeter-

312 1825 428 1861 nitati
459 1826 628 1860 tradere.

427 1880 499 1923 Qui
540 1880 586 1915 ad
629 1890 737 1923 eum,
768 1890 880 1925 quem
911 1879 1105 1928 diximus,
1147 1880 1299 1917 modum
1339 1879 1624 1929 profecissent,
1664 1879 1726 1916 his

313 1936 527 1986 suadebat,
566 1940 603 1971 et
646 1936 760 1971 facile
792 1937 1075 1982 persuadebat,
1118 1939 1161 1972 ut
1200 1937 1346 1982 aliquid
1378 1936 1619 1982 scriberent,
1650 1946 1725 1981 quo

313 1992 540 2028 facultatem
589 2002 697 2027 suam
748 1992 902 2038 publice
951 1992 1275 2029 commendarent.
1345 1993 1429 2028 noo
1476 2001 1522 2028 eo
1570 1992 1727 2028 valebat

314 2049 542 2091 consitium,
585 2053 625 2083 ut
658 2048 778 2084 semel
808 2051 1033 2094 susceptum
1074 2049 1262 2085 scribenti
1292 2048 1566 2084 necessitatem
1596 2047 1726 2094 impo-

313 2108 421 2140 neret
467 2104 708 2150 Scriptorum
761 2104 948 2150 deinceps
1001 2106 1193 2141 Veterum
1243 2106 1418 2152 cogitate
1469 2104 1728 2150 meditateque

311 2161 622 2206 tractandorum,
663 2164 699 2195 et
733 2160 989 2196 recentiorum
1018 2161 1110 2196 item
1142 2162 1371 2207 optimorum
1401 2161 1556 2206 quidem
1584 2161 1727 2209 legen-

313 2218 464 2268 dorum,
493 2217 597 2254 unde
627 2216 803 2252 doctrina
842 2220 1070 2265 argumento
1097 2217 1293 2263 proposito
1323 2217 1609 2252 accommodata
1640 2217 1728 2254 col-

315 2274 518 2320 ligeretur.
579 2273 866 2321 Argumentum
899 2283 974 2310 non
1006 2274 1184 2309 omnibus
1215 2272 1388 2308 eiusdem
1419 2274 1600 2320 generis,
1644 2273 1728 2317 sed,

314 2338 383 2375 pro
415 2332 639 2365 naturarum
671 2329 925 2374 diversitate,
959 2329 1048 2365 aliis
1079 2329 1185 2365 aliud
1222 2329 1476 2375 proponebat:
1519 2328 1727 2364 editionem

314 2385 513 2430 Auctoris,
545 2386 608 2421 vel
636 2385 787 2428 Graeci,
820 2386 882 2421 vel
904 2386 1056 2422 Latini:
1093 2385 1394 2431 disputationem
1426 2384 1473 2419 de
1512 2384 1596 2420 eius
1626 2385 1725 2421 scri-

313 2443 391 2488 ptis
423 2446 459 2476 et
491 2442 593 2476 vita:
625 2441 750 2477 locum
783 2451 831 2476 ex
868 2442 1041 2477 Historia
1082 2442 1145 2477 vel
1176 2440 1506 2486 Antiquitatibus:
1546 2440 1725 2475 animad-

314 2498 516 2533 versiones
553 2496 713 2533 criticas
761 2497 797 2532 in
847 2507 965 2533 unum
1001 2497 1190 2543 aliquem,
1243 2500 1310 2532 aut
1349 2497 1479 2542 plures
1518 2497 1728 2532 Auctores.

315 2555 394 2589 Eos
423 2553 554 2605 etiam,
597 2554 661 2598 qui
693 2553 840 2589 nullum
881 2553 1079 2590 scribendi
1119 2552 1355 2599 propositum
1392 2552 1600 2598 haberent,
1639 2562 1726 2588 mo-

316 2609 431 2645 nebat
461 2612 503 2644 ut
533 2609 686 2645 Graeca
711 2609 893 2657 legerent
923 2612 1106 2656 quantum
1136 2611 1319 2656 possent,
1353 2610 1416 2652 et,
1456 2607 1492 2643 si
1523 2608 1575 2644 nil
1605 2607 1726 2654 aliud,

314 2742 344 2778 ⁸)
371 2740 515 2772 Terent.
542 2741 686 2780 Prolog.
713 2741 820 2772 Andr.
848 2749 940 2773 vers,
967 2744 1001 2773 5.

315 2784 357 2825 ’‘j)
386 2786 506 2817 Horat.
534 2783 648 2816 Carm.
676 2785 737 2825 ΙΙΙ,
764 2785 816 2823 15,
842 2787 875 2816 6.
