1816 3233
870 210 1178 251 —164-

310 337 490 366 sermone
517 325 573 362 ita
610 324 751 372 cupide
790 324 869 362 frui
906 326 1063 362 solitum
1102 324 1249 373 fuisse,
1290 323 1403 370 quasi
1438 323 1655 375 divinaret,
1692 321 1734 359 id

310 385 411 432 quod
450 381 604 427 evenit,
648 382 715 419 illo
755 382 973 428 exstincto,
1017 383 1103 418 fore
1142 381 1245 417 unde
1284 380 1479 432 disceret,
1519 379 1797 416 neminemzv

307 442 364 478 ita
403 449 502 489 ego,
546 447 620 484 quo
659 438 788 486 magis
827 438 1105 475 Ruhnkenium
1147 440 1276 473 aetate
1315 436 1500 484 progredi
1537 437 1733 482 videbam,

308 506 355 532 eo
393 495 522 542 magis
564 495 650 532 eius
690 495 886 541 colloquia
929 495 1185 542 appetebam3
1234 503 1309 529 non
1348 493 1460 539 quasi
1502 492 1733 541 divinarem,

307 552 376 588 scd
414 551 519 597 quod
559 553 665 587 certo
705 551 900 599 sciebam,
942 561 988 587 eo
1027 555 1199 593 mortuo,
1241 551 1347 597 fore,
1388 549 1491 585 unde
1527 549 1732 596 discerem,
1789 594 1792 595 ⁷

308 608 520 644 neminem:
570 618 643 643 nec
689 608 809 654 adeo,
861 607 952 653 quin
1002 610 1137 643 essent
1175 606 1410 642 Ruhnkenio
1450 605 1565 641 etiam
1605 605 1733 640 minus

308 664 433 716 docti,
475 675 498 699 a
529 664 670 709 quibus
702 674 777 711 ego
808 663 963 700 discere
993 674 1172 709 possem:
1213 663 1282 698 sed
1314 663 1412 708 quod
1451 671 1584 697 eorum
1620 670 1732 697 nemo

307 724 477 767 tantam,
509 723 690 766 quantam
722 721 810 766 ille,
841 720 1008 756 docendi
1037 730 1123 755 cum
1155 719 1403 763 facultatem,
1436 721 1515 754 tum
1546 727 1644 765 erga
1671 726 1735 752 me

305 777 569 824 voluntatem,
610 776 813 812 habiturus
852 780 971 814 esset.
1030 776 1162 823 Igitur
1191 775 1396 823 legendam
1427 775 1463 810 ei
1493 774 1585 809 dedi
1613 782 1733 819 prae-

305 834 494 869 rationem
536 833 582 868 ad
616 832 990 869 Animadversiones
1022 833 1299 881 Plutarcheas,
1341 842 1388 866 ac
1420 830 1734 877 Disputationem

307 889 356 926 de
392 884 526 936 spuria
561 890 796 925 auctoritate
837 889 958 925 libelli
988 890 1050 925 De
1079 890 1330 925 Educatione
1360 888 1621 923 Liberorum:
1661 885 1734 920 has

307 946 408 982 enim
447 945 683 991 scriptiones
713 946 849 993 legere
879 945 1082 991 cupiebat,
1124 948 1163 981 et
1193 948 1235 981 ut
1265 943 1342 980 sibi
1371 944 1564 981 adferrem
1595 942 1733 978 iusse-

304 1005 379 1040 rat.
448 1002 568 1049 Legit
607 1012 675 1036 eas
715 1012 790 1037 non
830 1002 954 1037 solum
995 1002 1185 1046 libenter,
1229 1001 1296 1036 sed
1340 1001 1456 1035 etiam
1499 999 1732 1046 diligentem

307 1058 474 1104 probans
505 1057 757 1093 vehementer
795 1068 918 1093 meam
959 1057 1215 1102 sententiam,
1256 1056 1443 1092 iudicium
1475 1055 1522 1090 de
1553 1054 1733 1100 complu-

304 1114 406 1150 rium
445 1113 616 1150 locorum
655 1114 867 1149 Latinitate
905 1114 1245 1150 accuratissimum
1286 1123 1499 1159 exercens,
1539 1114 1579 1147 et
1617 1120 1733 1146 manu

307 1170 486 1217 quamvis
534 1170 698 1206 tremula
747 1170 1007 1209 conscribens,
1094 1172 1213 1206 Porro
1263 1169 1522 1205 confabulans
1569 1176 1733 1211 mecum,

305 1227 577 1272 interpellatus
624 1226 790 1261 subinde
837 1227 961 1273 tussi,
1010 1231 1189 1262 monente
1236 1236 1317 1272 me,
1365 1229 1408 1262 ut
1457 1227 1545 1272 post
1594 1223 1733 1260 tussim

305 1287 445 1330 pectus
475 1283 757 1328 pulmonesque
786 1282 942 1319 silentio
973 1283 1211 1329 aliquantum
1251 1283 1452 1329 reficeret,
1490 1281 1558 1318 ille
1595 1279 1732 1317 eodem

308 1340 448 1388 vigore
487 1349 702 1375 sermonem
743 1341 964 1386 repetebat,
1006 1340 1163 1387 dicens,
1206 1340 1304 1376 liaeo
1333 1349 1414 1375 non
1444 1342 1501 1374 esc
1530 1337 1610 1373 nisi
1639 1336 1734 1372 levis

207 1398 290 1438 276
307 1397 511 1433 tussicula.
579 1396 797 1441 Numquam
839 1407 912 1432 non
950 1396 1146 1442 colloquia
1186 1396 1249 1432 vel
1288 1396 1336 1431 de
1375 1395 1539 1441 LiteriS,
1582 1393 1644 1429 vel
1684 1392 1733 1427 de

305 1454 424 1490 rebus
465 1452 580 1488 novis
626 1452 776 1488 bellicis
821 1456 889 1488 aut
934 1453 1140 1499 civilibus,
1191 1454 1396 1498 captabat:
1448 1461 1601 1496 semper
1645 1459 1732 1485 cum

305 1510 444 1546 amicis
475 1520 562 1545 eum
602 1509 867 1545 invisentibus
907 1509 954 1545 de
993 1510 1078 1545 suis
1118 1508 1309 1555 cuiusque
1348 1509 1467 1544 rebus
1504 1518 1552 1543 ac
1590 1505 1733 1542 studiis

304 1567 556 1612 loquebatur:
608 1567 814 1614 narrabat7
864 1576 977 1611 quem
1018 1566 1104 1612 ipse
1143 1566 1281 1602 librum
1327 1565 1500 1611 proxime
1542 1563 1735 1608 editurus,

305 1623 447 1670 quibus
477 1623 516 1658 in
546 1622 645 1657 locis
677 1625 715 1657 et
743 1621 971 1668 quibuscum
1003 1623 1124 1658 sociis
1164 1626 1403 1666 venaturus,
1443 1631 1556 1668 quam
1597 1628 1733 1656 canem

305 1679 370 1716 cui
400 1679 532 1714 officio
563 1678 807 1714 adhibiturus
836 1683 954 1715 esset.
1014 1680 1057 1715 Si
1090 1679 1198 1715 solus
1237 1682 1339 1724 erat,
1380 1679 1548 1714 habebat
1577 1678 1662 1713 fere
1692 1675 1732 1711 in

304 1735 484 1771 manibus
521 1734 689 1779 aliquem
723 1736 916 1771 Graecum
949 1735 1184 1771 Latinumve
1219 1735 1469 1783 scriptorem,
1512 1744 1585 1770 non
1620 1731 1732 1769 modo

305 1801 419 1837 quem
450 1789 564 1826 animi
596 1800 741 1825 caussa
772 1791 1001 1838 inspiceret,
1032 1792 1100 1827 sed
1127 1802 1239 1837 quem
1265 1792 1437 1839 cogitate
1461 1791 1627 1838 legeret.
1670 1791 1734 1825 Ac

303 1848 353 1882 de
383 1847 472 1882 aliis
503 1846 659 1891 quidem
680 1846 842 1882 edendis
864 1847 975 1883 libris
995 1847 1264 1883 dimittendum
1289 1858 1378 1883 esse
1401 1847 1658 1893 propositum,
1689 1845 1730 1881 in

303 1904 388 1939 dies
418 1903 548 1950 magis
578 1902 783 1949 magisque
812 1904 1165 1950 animadvertebat,
1197 1904 1364 1940 subinde
1393 1904 1594 1950 dictitans,

361 1969 479 2006 Vitae
509 1979 659 2005 summa
688 1968 819 2004 brevis
851 1980 959 2015 spem
989 1981 1060 2006 nos
1092 1973 1201 2007 vetat
1230 1970 1420 2007 inchoare
1448 1966 1674 2018 longam:*)

304 2037 353 2073 de
392 2047 468 2073 uno
510 2047 585 2072 non
626 2035 861 2081 desperabat
899 2036 1124 2073 Scholiasta
1163 2038 1377 2076 Platonico.
1446 2037 1520 2075 llio
1560 2040 1732 2083 tempore

304 2093 399 2130 mihi
429 2103 567 2129 rursus
603 2102 626 2126 a
658 2093 913 2128 Curatoribus
954 2093 1072 2128 huius
1103 2094 1345 2130 Academiae
1386 2094 1620 2130 offerebatur
1658 2103 1732 2129 ca-

303 2150 442 2186 thedra
478 2150 697 2186 Literarum
738 2149 1044 2194 Ilumaniorum,
1089 2159 1211 2195 eaque
1251 2151 1548 2199 universarum,
1592 2149 1732 2186 iisdem

302 2206 471 2252 finibus,
521 2204 662 2251 quibus
705 2215 789 2240 eam
831 2205 1113 2240 Amstelodami
1155 2207 1347 2244 tenebam.
1419 2209 1507 2254 Ego
1547 2206 1733 2242 diuturna

302 2263 509 2298 multorum
558 2271 745 2297 annorum
793 2261 1079 2297 consuetudine
1120 2262 1331 2307 multisque
1377 2263 1641 2298 suavitatibus
1681 2261 1731 2296 ad

303 2321 476 2354 veterem
506 2317 712 2353 stationem
744 2317 978 2363 adstrictus,
1019 2317 1147 2353 minus
1179 2319 1295 2353 etiam
1326 2329 1437 2364 quam
1469 2321 1585 2353 antea
1610 2317 1732 2354 incli-

304 2375 442 2410 nabam
473 2373 522 2408 ad
554 2373 658 2408 illam
698 2384 785 2409 cum
816 2374 1157 2421 Lugdunobatava
1194 2374 1364 2411 statione
1401 2375 1730 2422 commutandam,

305 2431 405 2476 quod
436 2430 476 2466 in
509 2440 555 2465 ea
585 2429 680 2465 mibi
710 2440 800 2465 mox
821 2430 905 2465 eius
938 2430 1055 2466 unica
1074 2430 1319 2477 maximaque
1343 2432 1552 2477 suavitate,
1584 2431 1730 2468 Ruhn-

304 2487 410 2523 kenii
440 2486 549 2532 luce,
591 2486 802 2522 carendum
840 2497 932 2533 esse
967 2486 1246 2534 intelligerem.
1305 2488 1423 2524 Nolui
1453 2491 1582 2523 tamen
1612 2489 1730 2534 peni-

303 2545 368 2578 tus
398 2552 601 2588 recusare,
640 2542 844 2590 flagitante
876 2542 1134 2579 Ruhnkenio:
1173 2553 1298 2590 grave
1336 2548 1452 2590 atque
1492 2544 1589 2580 adeo
1629 2545 1729 2581 reli-

305 2599 415 2647 gioni
453 2599 626 2644 ducens,
674 2600 747 2635 hac
792 2609 862 2645 spe
901 2599 1132 2645 simpliciter
1171 2602 1208 2633 et
1254 2600 1407 2636 omnino
1450 2600 1729 2648 praecidenda,

208 2659 292 2699 27³7
307 2655 438 2701 optimi
469 2656 587 2699 senis,
619 2654 711 2690 mibi
742 2655 865 2700 patris
897 2657 1020 2691 instar
1050 2655 1218 2701 colendi,
1250 2655 1325 2691 iam
1355 2657 1431 2692 iam
1462 2667 1512 2692 ex
1542 2658 1617 2694 hac
1647 2657 1729 2693 vita

305 2710 506 2756 abeuntis,
546 2714 763 2747 extremum
800 2716 952 2758 tempus
990 2711 1386 2759 tranquillitatemque
1417 2715 1585 2752 turbare.
1641 2715 1730 2752 Ne-

306 2806 337 2847 ⁸)
361 2809 489 2840 Horat.
516 2808 632 2840 Carm.
659 2809 689 2850 1,
713 2809 746 2851 4,
772 2809 827 2841 15.
