1833 3237
663 264 820 303 „51
885 288 937 293 ,-

86 382 153 424 ,‚et
182 380 335 423 tempus
367 387 504 423 meum,
535 377 634 423 quod
665 376 722 413 sic
752 376 850 412 satis
883 377 1097 413 exercitum
1130 378 1272 425 liabeo,
1311 379 1499 415 vexa1·e.“

85 434 325 479 Eloquenter
354 444 470 477 sanc,
509 433 648 480 partim
681 433 911 479 prudenter,
955 434 1091 478 partim
1129 434 1270 470 callide
1300 444 1373 470 nec
1402 435 1499 470 satis

87 500 198 526 vere:
242 489 495 537 ignoscamus
539 489 624 525 viro
668 489 893 534 ceteroquin
939 498 1104 537 magno,
1150 490 1214 535 qui
1259 490 1500 542 facultatem,

87 556 200 591 quam
239 546 311 581 sibi
343 546 483 582 deesse
523 545 708 592 sentiret,
749 545 969 593 argutando
1009 545 1165 581 elevare
1207 543 1421 593 maluit:*)
1461 552 1500 582 et

86 601 307 639 Ruhnkenii
347 612 393 637 co
432 600 559 648 magis
600 602 779 636 miremur
819 601 1041 648 ingenium,
1085 601 1149 646 qui
1189 605 1227 637 et
1264 613 1386 648 parva
1423 602 1501 643 illa,

87 668 186 703 quae
216 659 408 694 Ernestus
437 657 622 703 vocabat,
662 657 729 692 sed
763 658 848 692 sine
887 658 1028 703 quibus
1057 658 1222 693 maxima
1262 668 1370 694 nemo
1400 669 1498 694 con-

87 713 200 759 sequi
228 716 368 759 potest,
398 712 533 749 intime
557 716 762 759 perspecta
787 716 1100 759 pertractataque
1125 714 1273 757 habuit,
1303 718 1342 750 et
1372 717 1498 751 tamen

86 769 268 817 legendis
297 769 460 817 integris
492 772 665 805 veterum
697 770 936 813 Scriptorum
967 769 1078 805 libris
1109 769 1309 818 ingenium
1348 770 1394 805 ad
1428 782 1499 806 co-

84 825 185 871 piam
208 836 335 861 rerum
356 829 395 861 et
416 825 617 861 verborum
637 826 745 869 aluit,
771 828 809 860 et
841 826 888 875 ad
917 825 1116 873 cogitandi
1154 827 1389 871 dicendique
1412 827 1498 862 elc-

84 881 260 929 gantiam
271 882 375 916 acuit
395 891 440 916 ac
459 881 605 926 polivit.
630 881 707 916 Sed
726 882 942 916 referamus
960 882 1131 916 ultimam
1149 892 1198 917 ex
1216 883 1371 918 Ernesti
1383 893 1500 930 prae-

86 936 233 972 fatione
252 939 411 983 partem,
432 935 621 971 veriorem
643 936 746 971 illam
767 936 893 972 denuo
913 941 950 971 et
967 938 1202 982 aequiorem.
1236 938 1353 988 „Quo
1373 939 1501 986 magis

84 993 310 1043 „gratum,“
340 992 466 1038 inquit
487 995 552 1037 „et
572 992 682 1027 nobis
704 993 787 1038 fuit,
809 994 846 1027 et
865 992 1077 1028 lectoribus
1098 994 1179 1028 fore
1205 994 1369 1037 confido,
1400 994 1499 1039 quod

89 1048 198 1097 „cer
227 1049 561 1093 Hemsterhusius,
592 1048 654 1093 qui
687 1059 820 1103 omnes
853 1050 1027 1084 Graecae
1057 1049 1285 1084 literaturae
1319 1060 1502 1085 recessus

86 1106 233 1151 ,‚tenet,
250 1107 289 1140 et
303 1103 449 1151 dignus
464 1106 569 1139 tanto
581 1103 765 1151 magistro
781 1104 1011 1149 discipulus,
1023 1105 1299 1153 Rulinkenius,
1320 1105 1381 1141 his
1398 1107 1501 1153 frag-

85 1160 251 1207 „mentis
272 1160 415 1205 aliquid
440 1159 540 1195 lucis
558 1163 595 1195 et
615 1163 774 1195 ornatus
791 1161 838 1196 ab
861 1160 1039 1196 doctrina
1057 1171 1130 1195 sua
1151 1161 1339 1197 accedere
1361 1162 1501 1197 volue-

84 1218 215 1262 „runt.
238 1217 372 1261 Atque
394 1215 536 1250 utinam
559 1215 649 1250 mihi
672 1216 740 1251 otii
762 1219 907 1251 tantum
928 1217 1083 1267 fuisset,
1102 1217 1280 1264 utmagis
1301 1219 1355 1252 uti
1374 1218 1409 1252 in
1429 1219 1504 1253 hac

82 1273 220 1319 „parte
242 1271 454 1317 potuissem
471 1271 632 1307 consilio
651 1272 731 1307 Cel.
752 1272 1016 1315 Valckenarii‚
1032 1273 1142 1307 cuius
1160 1273 1223 1307 ille
1242 1273 1333 1308 mihi
1353 1274 1501 1319 copiam

85 1327 320 1375 „aliquando
359 1327 649 1363 humanissimis
688 1328 813 1363 literis
852 1328 972 1372 t'ecit3
1016 1329 1214 1376 profecto,
1255 1331 1298 1364 ut
1335 1329 1501 1378 intelligi

84 1386 238 1430 „potest
268 1394 317 1420 cx
346 1383 394 1419 iis
424 1394 523 1429 quac
553 1383 601 1419 de
623 1384 820 1419 sententia
851 1384 936 1419 eius
967 1385 1005 1419 in
1038 1385 1182 1420 notulis
1207 1385 1305 1420 meis
1335 1387 1500 1423 subinde
1515 1394 1569 1431 83

86 1439 219 1488 „dixi,
251 1439 423 1476 ‘multum
459 1439 557 1476 lucis
597 1441 837 1476 accessisset
874 1440 936 1476 his
968 1441 1201 1488 fragmentis
1237 1441 1285 1476 ab
1316 1442 1403 1479 eius
1433 1454 1503 1479 re-

85 1496 270 1543 „condita
299 1499 339 1531 et
355 1499 541 1532 accurata
570 1497 610 1532 in
632 1497 692 1532 his
724 1497 847 1532 literis
878 1496 1066 1534 doctrina.
1115 1499 1224 1534 Haec
1256 1498 1373 1534 habui
1405 1510 1504 1545 quae

86 1551 157 1601 „in
199 1552 391 1598 principio
435 1553 563 1598 operis
603 1553 692 1588 novi
731 1553 912 1589 dicerem.
973 1555 1018 1589 In
1061 1564 1135 1599 quo
1167 1557 1345 1590 navatam
1378 1555 1503 1592 Calli-

85 1608 254 1656 „macho
284 1611 323 1644 et
344 1608 507 1644 Graecis
532 1608 658 1644 literis
689 1619 843 1654 operam
873 1610 928 1644 ita
955 1609 1107 1653 probari
1142 1610 1308 1645 eruditis
1339 1613 1379 1646 et
1409 1623 1503 1657 pro-

86 1663 236 1713 „desse
266 1663 395 1709 cupio,
424 1667 468 1699 ut
499 1665 742 1700 meminerint
768 1664 991 1701 Ruhnkenii
1023 1665 1110 1711 mei,
1141 1666 1255 1710 cique
1288 1676 1362 1702 non
1390 1669 1502 1704 modo

88 1720 263 1767 „gratias
293 1730 442 1756 mecum
475 1723 618 1767 agant,
658 1720 758 1765 quod
798 1724 874 1756 tam
906 1721 1081 1756 studiose
1120 1724 1159 1756 et
1189 1721 1306 1757 enixe
1336 1723 1500 1759 institu-

83 1779 189 1823 „tum
220 1786 347 1811 meum
376 1776 541 1811 consilio
574 1779 611 1810 et
643 1786 684 1810 re
714 1776 826 1820 iuvit,
857 1776 973 1810 etiam
1000 1776 1278 1820 speciminibus
1306 1780 1501 1826 typogra-

86 1831 240 1882 „phieis
279 1841 401 1867 meam
439 1831 480 1866 in
517 1831 687 1879 gratiam
717 1830 994 1877 inspiciendis,
1036 1835 1077 1867 ut
1114 1842 1226 1877 quam
1258 1834 1500 1870 emendatis-

86 1888 212 1937 ,‚sime
250 1887 560 1933 exprimerentur
597 1887 747 1923 omnia:
789 1887 856 1923 sed
897 1888 1012 1923 etiam
1052 1888 1210 1923 faveant
1241 1889 1330 1925 Viri
1361 1891 1500 1927 excel-

87 1943 211 1992 „lenti
249 1942 411 1991 ingenio
449 1943 610 1989 parique
640 1943 863 1994 doctrinae,
905 1940 1127 1989 faciantque
1163 1946 1253 1979 vota
1280 1948 1323 1980 ut
1353 1946 1388 1982 ei
1418 1947 1500 1983 vita

88 1999 349 2048 „longissima
385 2009 473 2034 cum
514 1998 634 2034 rebus
681 1997 976 2034 secundissimis
1018 1999 1242 2047 contingat:
1292 2003 1388 2047 quod
1429 2013 1504 2052 ego

89 2065 192 2102 „non
230 2055 343 2091 modo
379 2054 528 2100 ipsius,
568 2054 637 2089 sed
680 2055 798 2090 etiam
829 2056 1089 2091 communium
1117 2055 1318 2094 literarum
1348 2069 1505 2102 caussa,

90 2111 219 2157 „serio
249 2113 348 2156 opto.
378 2112 464 2147 Ser.
497 2109 656 2156 Lipsiae
684 2109 818 2146 Idibus
848 2112 929 2149 Ian.
961 2122 996 2147 a.
1030 2110 1179 2147 1761&

202 2167 422 2218 Caeterum,
452 2176 552 2212 quae
581 2176 724 2201 caussa
753 2170 927 2202 moverat
956 2169 1166 2204 Ernestum
1197 2179 1245 2204 ne
1267 2169 1502 2205 Callimacho

90 2222 402 2258 Valckenariana
450 2221 627 2258 subsidia
674 2223 899 2265 adhiberet,
947 2224 1080 2259 eadem
1131 2224 1230 2270 apud
1283 2225 1500 2261 Gesncrum

89 2278 213 2314 valuit
242 2279 444 2325 quominus
475 2278 775 2314 Ruhnkcnianis
809 2278 1004 2323 Orpheum
1037 2283 1204 2315 ornaret.
1234 2281 1273 2316 Is
1305 2281 1377 2316 sub
1399 2281 1498 2317 idem

87 2327 272 2383 tempus,
316 2335 393 2370 iam
433 2334 544 2370 senio
595 2334 731 2382 gravis
779 2333 987 2370 editionem
1036 2336 1197 2380 parabat
1246 2336 1499 2382 Orphicorum

89 2390 338 2436 Carminum3
379 2400 493 2436 quam
522 2389 608 2434 ipso
638 2393 787 2425 mortuo
817 2389 970 2426 demum
1000 2391 1179 2433 absolvit,
1210 2395 1317 2428 certe
1348 2393 1386 2428 in
1420 2404 1499 2440 pu-

87 2447 228 2483 blicum
262 2446 412 2491 emisit,
454 2446 767 2491 llambergerus,
799 2456 898 2482 anno
939 2447 977 2484 h.
1009 2459 1040 2483 s.
1071 2449 1319 2496 sexagesimo
1351 2453 1496 2495 quarto.

87 2502 359 2546 Ruhnkenius,
391 2501 453 2547 qui
483 2501 522 2536 in
553 2501 708 2547 Orpheo
738 2502 978 2538 emendando
1009 2504 1168 2539 multum
1200 2515 1343 2550 operae
1375 2516 1497 2551 posu-

88 2558 199 2606 isset,
229 2560 392 2604 eiusque
421 2557 618 2604 specimen
650 2558 688 2593 in
720 2558 897 2604 Epistola
927 2560 1074 2595 Critica
1104 2560 1151 2595 ad
1178 2562 1387 2597 Ernestum
1415 2573 1497 2608 pro-

89 2613 280 2661 didisset,
310 2614 601 2651 emendationes
631 2618 767 2659 postea
796 2614 873 2650 sibi
908 2617 1018 2651 natas
1058 2616 1197 2651 obtulit
1229 2618 1427 2663 Gesner03
1459 2622 1497 2653 at

89 2669 156 2705 ille
189 2670 238 2705 iis
270 2671 392 2707 noluit.
429 2670 507 2715 uti,
545 2674 722 2706 metuens
764 2681 811 2707 ne
846 2681 918 2706 sua
958 2673 1144 2717 quaedam
1182 2672 1343 2710 inventa
1377 2684 1498 2711 occu-
1519 2669 1573 2706 84

90 2800 121 2836 ‘J
146 2799 223 2836 Quo
247 2806 353 2830 sensu
378 2803 582 2842 accipienda
606 2803 695 2835 sint.
723 2811 765 2834 nc
790 2804 867 2844 quis
892 2803 1050 2844 dubitet,
1077 2805 1197 2837 docuit
1222 2806 1357 2838 Censor
1382 2807 1500 2838 Philo-

133 2844 286 2875 mathiae
313 2846 352 2875 b.
377 2846 436 2877 ΠΙ.
462 2857 495 2887 p.
525 2848 596 2878 126.
622 2857 694 2888 seq.
723 2852 760 2880 et
787 2849 862 2880 133.
912 2849 1148 2881 RERGMAN.

1162 2905 1214 2944 4,
