1816 3233
698 220 1006 261 —173-

145 291 514 367 Ξιῗῗῦῗὲῗῃιιςὶὲἓεηίἱαε
537 333 642 365 huius
665 335 720 365 est
738 332 834 374 finis.
865 335 889 363 i.
914 341 945 364 e.
974 334 1174 373 consilium,
1206 334 1443 375 propositum,
1468 333 1558 376 quod

281 381 450 419 consequi
474 379 611 420 studet,
637 379 782 410 Graecis
807 376 939 414 σκοπός.
980 378 1213 409 BERGMAN.
1251 379 1325 410 Vid.
1352 380 1431 411 adn.
1451 389 1495 411 m.
1516 383 1558 413 ad

281 424 410 455 Muret.
437 424 517 454 Vol.
533 424 558 453 Ι.
590 431 669 464 pag.
690 423 768 455 161.
791 424 869 454 348.
917 424 1070 454 Ellendt.
1094 423 1138 454 ad
1164 423 1236 455 Cic.
1261 424 1304 455 de
1328 423 1427 457 Orat.
1448 426 1482 468 l,
1503 426 1559 457 42.

280 468 360 500 Vol.
372 469 418 499 11.
443 477 522 510 pag.
533 468 609 499 107.
634 477 685 508 sq.

144 525 296 557 2.5.-—9.
323 523 485 555 (litionis.
533 525 612 555 Yid.
638 525 680 555 ad
705 525 836 555 Muret.
861 523 941 554 Vol.
957 523 983 553 Ι.
1010 524 1176 564 pag.120.

149 598 186 603 —-
209 596 246 602 -
270 580 323 612 10.
356 581 583 620 diss-itusque.
638 580 746 611 lmmo
778 581 1013 620 remotasque.
1073 580 1150 611 vid.
1175 582 1217 612 ad
1251 581 1378 612 Muret.
1413 582 1491 613 Vol.
1513 582 1558 614 Π.

282 633 357 666 pag.
380 624 459 655 137.
486 633 535 664 sq.

143 688 188 694 —
209 687 245 693 —
266 671 320 702 18.
350 669 444 710 quod
467 686 512 691 —
535 678 580 699 ne
603 670 715 699 altius
739 684 781 690 -
806 669 1080 701 adscenderent.
1126 672 1214 701 Mire
1239 671 1387 702 dictum:
1412 674 1446 703 in
1469 673 1558 713 quod

280 716 338 754 qui
371 715 532 745 inciderit
564 714 884 753 wyttenbachius.
928 714 1016 745 haud
1061 716 1218 755 equidem
1251 717 1322 747 ulla
1354 720 1560 750 coniectura

279 762 491 799 assequutus
516 767 605 789 sum.
644 759 719 788 Nisi
736 767 822 790 vero
848 759 1073 790 similitudine
1097 760 1246 791 alterius
1270 762 1410 793 formae
1433 764 1476 793 ut
1496 772 1558 805 ne,

279 812 381 844 quam
405 812 492 835 saue
518 807 619 835 erant
645 806 698 842 qui
724 812 787 841 pro
812 805 855 835 ut
877 813 947 835 non¹
972 806 1038 835 dici
1062 806 1268 847 crederent,
1300 807 1468 847 deceptus
1492 813 1559 839 est.

142 859 296 890 26.-—·7.
319 859 528 891 diverteret.
576 859 686 890 Immo
710 860 923 891 ‹let-verteret.
972 860 1025 891 Cf.
1052 869 1160 900 supra
1183 870 1262 902 pag.
1278 861 1330 900 19,
1354 862 1410 894 20.

142 914 294 946 27.-6.
317 916 491 955 potestas.
538 914 647 945 Immo
672 913 905 955 sigsnificatio.
933 916 978 946 cf.
1007 916 1047 946 ad
1072 916 1202 948 Muret.
1229 918 1310 948 Vol.
1326 918 1352 948 1.
1379 926 1457 959 pag.
1480 919 1554 951 231.

276 963 313 991 et.
333 960 427 991 infra
454 960 532 1000 109,
559 959 611 990 15.

146 1022 183 1028 —
202 1022 245 1028 -
261 1005 294 1035 S.
319 1005 449 1036 adhuc.
489 1004 697 1035 Praestabat
721 1005 905 1035 etiamtum
933 1005 992 1036 vel
1018 1006 1094 1037 tum
1117 1007 1225 1038 etiam
1239 1029 1252 1049 ,
1277 1007 1325 1039 cccl
1349 1008 1386 1039 id
1409 1009 1557 1051 tempus.

275 1050 322 1080 cf.
347 1050 392 1081 ad
417 1052 545 1081 Muret.
570 1050 650 1080 Vol.
668 1050 693 1079 l.
720 1057 796 1088 pag.
820 1049 893 1080 112.
922 1049 996 1080 115.

140 1105 295 1137 28.-9.
326 1106 362 1136 z'n
398 1105 600 1144 exemplum
624 1121 667 1125 —
695 1104 831 1136 eritis-i
864 1108 1092 1146 proponeret.
1151 1107 1319 1139 Damnat-i
1350 1116 1436 1139 sane
1471 1109 1559 1141 haec

277 1150 413 1181 dicendi
438 1152 530 1180 ratio
557 1158 626 1180 non
652 1153 787 1189 potest,
813 1149 875 1180 sed
902 1153 1015 1190 magis
1039 1152 1217 1192 placeret,
1251 1155 1281 1183 si
1305 1155 1438 1185 omissa
1462 1159 1559 1186 esset

276 1196 313 1226 in
335 1196 573 1234 praepositio,
615 1196 740 1234 quippe
780 1203 880 1233 quum
916 1196 992 1227 fere
1025 1205 1165 1236 semper
1190 1199 1297 1229 homo
1330 1201 1424 1238 ipse,
1456 1207 1557 1239 quem

276 1239 480 1270 imitandum
507 1247 701 1279 proponas,
726 1240 928 1278 exemplum
954 1241 1021 1271 dici
1045 1243 1172 1273 soleat.
1191 1259 1227 1265 -
1244 1243 1296 1274 De
1314 1243 1443 1284 Eloyio
1468 1245 1557 1284 quod

276 1286 434 1325 sequitur
458 1285 544 1315 utile
569 1286 637 1315 erit
662 1285 793 1324 legisse
818 1284 946 1316 Krebs.
971 1287 1086 1318 Antib.
1112 1295 1191 1327 pag.
1207 1286 1285 1318 319.

141 1358 184 1364 —-
202 1357 248 1363 —
264 1339 321 1371 15.
347 1339 493 1371 uberius
516 1347 741 1380 eoynoscere.
788 1339 906 1370 Latini
934 1340 1053 1372 dicunt
1084 1342 1298 1383 dili-(sentius
1329 1351 1554 1385 coquos-cere.

276 1384 332 1417 Cf.
354 1385 398 1416 ad
422 1385 551 1415 Muret.
577 1383 659 1414 Vol.
677 1384 704 1414 Ι.
730 1392 810 1424 pag.
828 1384 904 1415 252.

139 1458 184 1467 --·
203 1458 240 1465 —
261 1440 316 1472 19.
339 1449 454 1482 porro
476 1440 673 1472 videamus.
700 1439 771 1472 Cic.
788 1449 852 1480 pro
867 1441 910 1472 R.
927 1441 1048 1474 Amer.
1064 1442 1120 1474 40.
1136 1451 1187 1482 pr.
1220 1443 1340 1477 Videte
1355 1445 1430 1478 iam
1444 1453 1558 1488 porro

274 1487 397 1519 cetera
407 1508 420 1527 ,
445 1486 590 1529 indices.

139 1543 292 1576 29.-8.
319 1543 495 1573 assertor.
546 1542 642 1583 Hane
676 1550 799 1573 vocem
839 1543 943 1574 facile
978 1544 1092 1574 vitare
1129 1547 1272 1583 poterat
1300 1547 1555 1587 xVyttenbaeh.

274 1588 451 1620 vindicem
476 1587 596 1618 dicens
622 1588 681 1618 vel
704 1586 953 1629 defensorem,
986 1597 1076 1627 quae
1100 1593 1182 1620 sunt
1206 1591 1408 1629 probatiora
1432 1595 1465 1625 in
1492 1595 1555 1626 liac

274 1641 315 1665 re
341 1633 526 1664 vocabula.
573 1633 651 1664 Vid.
667 1634 710 1664 ad
731 1634 859 1664 Muret.
884 1634 964 1664 Vol.
979 1633 1003 1664 1.
1031 1641 1110 1674 pag.
1130 1633 1209 1666 430.
1234 1639 1269 1667 et
1293 1637 1418 1669 Krebs.
1435 1640 1554 1672 Antib.

271 1686 353 1718 pag.
372 1678 446 1708 178.

138 1723 288 1756 30.-4.
313 1732 424 1763 neque
449 1722 546 1753 haec.
572 1723 594 1753 i.
611 1731 641 1754 e.
660 1731 701 1754 ne
727 1723 816 1753 baec
841 1724 995 1763 quidem,
1020 1733 1087 1764 qua.
1111 1726 1250 1756 ratione
1276 1735 1386 1765 saepe
1412 1731 1556 1761 utuntur

275 1768 529 1806 Quinctilianus
554 1766 618 1807 (ad
652 1769 752 1798 euius
784 1768 835 1806 X,
859 1768 891 1807 7,
915 1768 970 1799 20.
1003 1770 1080 1800 vide
1105 1771 1185 1800 adn.
1219 1779 1331 1802 meam
1358 1781 1434 1813 pag.
1449 1774 1555 1814 213.),

275 1813 438 1852 Tacitus,
470 1814 660 1844 suetonius
684 1821 725 1843 ac
748 1815 858 1844 ceteri
891 1815 1069 1844 inferioris
1102 1817 1228 1846 aetatis
1252 1819 1465 1857 scriptores,
1498 1822 1554 1858 qui

273 1861 355 1897 post
379 1858 577 1898 Augustum
602 1858 763 1895 fuerunt3
802 1858 844 1888 de
869 1857 1043 1890 Cicerone
1068 1861 1216 1900 eiusque
1241 1863 1448 1901 aequalibus
1474 1865 1553 1895 vide

272 1903 488 1942 Madvigium
513 1905 546 1933 in
566 1903 717 1934 Excurs.
741 1902 803 1934 111.
820 1903 863 1934 ad
881 1903 954 1934 Cic.
972 1903 1015 1935 de
1034 1904 1111 1935 Fin.
1132 1906 1166 1935 B.
1179 1909 1215 1937 et
1229 1906 1274 1937 M.
1291 1908 1459 1948 pag.816.
1477 1917 1549 1950 sqq.

272 1948 312 1979 ln
333 1950 376 1978 iis
401 1956 489 1987 quae
512 1949 633 1978 statim
668 1948 831 1979 dicuutur
861 1949 892 1978 sz'
916 1957 988 1979 non
1017 1951 1190 1982 venustas
1220 1952 1327 1983 scribi
1351 1955 1552 1992 oportebat.

273 1993 342 2024 vid.
368 2000 474 2032 supra
499 1992 541 2023 ad
570 1992 629 2030 18,
653 1992 685 2022 7.

138 2055 182 2061 —
202 2055 238 2061 —
257 2037 313 2069 12.
338 2038 490 2068 linearis
511 2037 691 2077 picturae.
739 2036 792 2068 Cf.
817 2037 858 2068 ad
882 2037 966 2075 216,
987 2037 1041 2069 20.

142 2111 178 2117 -
203 2110 240 2117 -
263 2093 318 2124 14.
342 2093 424 2124 inde
448 2102 471 2123 a
496 2093 640 2123 teneri&
689 2092 767 2123 vid.
794 2093 889 2124 insi-a
913 2094 955 2125 ad
980 2102 1058 2134 pag.
1079 2095 1135 2137 55,
1162 2094 1215 2126 11.

141 2166 179 2172 —
205 2166 241 2172 ·—
264 2148 318 2181 17.
342 2147 662 2188 confabulabatur.
708 2147 899 2178 Decentius
924 2151 1005 2180 erat
1038 2150 1322 2191 colloquebatur.
1357 2153 1402 2186 cf.
1424 2153 1550 2188 Krebs.

274 2192 454 2224 Antibarb.
482 2200 560 2232 pag.
571 2191 649 2222 237.
676 2193 846 2224 Similiter
869 2193 1086 2225 iudicandum
1107 2198 1162 2227 est
1178 2195 1222 2228 de
1240 2197 1551 2239 confabulationi-

271 2238 336 2270 bus
359 2237 452 2269 infra
475 2244 557 2277 pag.
577 2235 652 2277 200,
675 2236 708 2268 4.

142 2312 177 2318 -
197 2311 242 2319 -—
260 2294 315 2326 20.
340 2302 464 2325 ansas.
525 2293 579 2323 De
612 2293 644 2324 h.
677 2301 709 2322 v.
741 2293 785 2324 cf.
819 2300 910 2332 quac
940 2296 1145 2335 scripsimus
1175 2298 1209 2328 in
1241 2298 1320 2330 adn.
1350 2300 1392 2331 ad
1420 2302 1551 2334 Muret.

273 2340 353 2371 Vol.
370 2339 395 2370 l.
420 2346 498 2379 pag.
527 2337 599 2368 174.

137 2396 194 2429 31.
211 2393 291 2426 -1.
316 2394 583 2434 praeiudicium
619 2394 649 2424 Ιι.
678 2393 700 2423 l.
727 2395 783 2424 est
807 2395 1019 2426 antecedens
1044 2404 1086 2427 ac
1110 2397 1227 2429 levius
1251 2400 1350 2440 vulgi
1372 2401 1549 2443 iudicium,

273 2441 363 2479 quod
383 2439 510 2470 deinde
523 2441 693 2478 graviore
710 2447 916 2477 magnorum
942 2443 1098 2472 virorum
1123 2443 1258 2474 iudicio
1281 2448 1318 2476 et
1333 2449 1549 2479 auctoritate

273 2483 557 2516 confirmabatur.
584 2483 946 2521 [Vid.Krebs.Antib.
963 2494 1040 2527 pag.
1057 2486 1157 2524 619]
1184 2489 1275 2519 Alibi
1288 2492 1400 2521 minus
1410 2492 1548 2535 Latine,

270 2532 383 2560 instar
407 2529 587 2560 Gallorum
610 2527 811 2569 prejmlsee,
836 2531 869 2559 in
895 2531 1022 2561 malam
1046 2537 1182 2570 partem
1206 2536 1355 2566 sumitur
1376 2536 1419 2567 de
1444 2545 1548 2576 prae-

246 2578 445 2613 roccupata
479 2573 564 2611 [vel
595 2575 710 2612 potius
737 2574 1002 2612 praeiudicata]
1036 2585 1122 2616 quae
1147 2578 1214 2609 dici
1246 2580 1341 2612 solet
1369 2583 1546 2621 opinione.

272 2619 508 2651 BERGMAN.
550 2617 606 2649 Cf.
630 2617 672 2649 ad
696 2619 825 2650 Muret.
849 2620 927 2650 Vol.
946 2619 974 2651 Ι.
998 2622 1169 2662 pagata.
1204 2623 1256 2655 De
1280 2633 1340 2657 vv.
1359 2626 1398 2657 in
1422 2634 1545 2659 eoeem-

269 2663 375 2707 plum,
394 2673 448 2694 vs.
468 2663 502 2694 4.
525 2663 594 2694 vid.
618 2663 661 2694 ad
685 2664 741 2703 28,
766 2664 797 2693 9.

141 2737 177 2744 -
200 2735 238 2741 —-
258 2718 291 2748 8.
316 2719 503 2750 stationes.
551 2718 659 2749 Immo
683 2727 837 2750 munera
862 2720 920 2750 vel
944 2722 1080 2762 munia,
1106 2723 1194 2762 quod
1219 2724 1308 2764 apud
1334 2724 1544 2759 Ciceronem

270 2764 392 2795 rarius
416 2766 482 2794 est.
531 2764 660 2801 Aptum
686 2765 717 2794 h.
748 2765 770 2794 l.
798 2766 904 2794 etiam
927 2767 1142 2804 provinciae
1165 2769 1222 2800 vel
1249 2768 1364 2812 officie·
1389 2772 1546 2805 vocabu-

268 2809 340 2841 lum
363 2807 502 2840 fuisset.
539 2807 594 2840 Cf.
619 2808 662 2841 ad
686 2816 765 2850 pag.
783 2808 860 2851 112,
884 2809 939 2842 14.
