<?xml version="1.0" encoding="UTF-8"?>
<!DOCTYPE html PUBLIC "-//W3C//DTD XHTML 1.0 Transitional//EN"
    "http://www.w3.org/TR/xhtml1/DTD/xhtml1-transitional.dtd">
<html xmlns="http://www.w3.org/1999/xhtml" xml:lang="en" lang="en">
 <head>
  <title>
</title>
<meta http-equiv="Content-Type" content="text/html;charset=utf-8" />
  <meta name='ocr-system' content='tesseract 3.04.00' />
  <meta name='ocr-capabilities' content='ocr_page ocr_carea ocr_par ocr_line ocrx_word'/>
</head>
<body>
  <div class='ocr_page' id='page_1' title='image "./vitadavidisruhnk00wyttuoft_0079.png"; bbox 0 0 1833 3237; ppageno 0'>
   <div class='ocr_carea' id='block_1_1' title="bbox 682 216 957 255">
    <p class='ocr_par' dir='ltr' id='par_1_1' title="bbox 682 216 957 255">
     <span class='ocr_line' id='line_1_1' title="bbox 682 216 957 255; baseline -0.022 3"><span class='ocrx_word' id='word_1_1' title='bbox 682 216 957 255; x_wconf 43' lang='grc' dir='ltr'>ῃ-71-</span> 
     </span>
    </p>
   </div>
   <div class='ocr_carea' id='block_1_2' title="bbox 55 327 1616 2666">
    <p class='ocr_par' dir='ltr' id='par_1_2' title="bbox 102 327 1615 991">
     <span class='ocr_line' id='line_1_2' title="bbox 104 327 1515 377; baseline -0.001 -11"><span class='ocrx_word' id='word_1_2' title='bbox 104 329 338 377; x_wconf 82' lang='lat' dir='ltr'>„diligentia</span> <span class='ocrx_word' id='word_1_3' title='bbox 377 328 590 374; x_wconf 87' lang='lat' dir='ltr'>expromsit</span> <span class='ocrx_word' id='word_1_4' title='bbox 626 328 665 364; x_wconf 90' lang='lat' dir='ltr'>in</span> <span class='ocrx_word' id='word_1_5' title='bbox 695 327 886 376; x_wconf 73' lang='lat' dir='ltr'>Hesychii</span> <span class='ocrx_word' id='word_1_6' title='bbox 923 328 1106 375; x_wconf 82' lang='lat' dir='ltr'>editione,</span> <span class='ocrx_word' id='word_1_7' title='bbox 1150 338 1249 374; x_wconf 88' lang='lat' dir='ltr'>quac</span> <span class='ocrx_word' id='word_1_8' title='bbox 1286 339 1439 375; x_wconf 82' lang='lat' dir='ltr'><strong>semper</strong></span> <span class='ocrx_word' id='word_1_9' title='bbox 1477 329 1515 365; x_wconf 92' lang='lat' dir='ltr'>in</span> 
     </span>
     <span class='ocr_line' id='line_1_3' title="bbox 105 385 1516 434; baseline 0 -13"><span class='ocrx_word' id='word_1_10' title='bbox 105 385 310 434; x_wconf 78' lang='lat' dir='ltr'>„egregiis</span> <span class='ocrx_word' id='word_1_11' title='bbox 341 385 579 420; x_wconf 84' lang='lat' dir='ltr'>editionibus</span> <span class='ocrx_word' id='word_1_12' title='bbox 610 385 846 421; x_wconf 81' lang='lat' dir='ltr'>censebitur.</span> <span class='ocrx_word' id='word_1_13' title='bbox 907 386 960 420; x_wconf 83' lang='lat' dir='ltr'>At</span> <span class='ocrx_word' id='word_1_14' title='bbox 990 385 1214 420; x_wconf 88' lang='lat' dir='ltr'>Latinarum</span> <span class='ocrx_word' id='word_1_15' title='bbox 1254 385 1389 421; x_wconf 80' lang='lat' dir='ltr'>deerat·</span> <span class='ocrx_word' id='word_1_16' title='bbox 1418 386 1516 421; x_wconf 90' lang='lat' dir='ltr'>ratio</span> 
     </span>
     <span class='ocr_line' id='line_1_4' title="bbox 104 440 1516 490; baseline -0.001 -13"><span class='ocrx_word' id='word_1_17' title='bbox 104 442 374 490; x_wconf 80' lang='lat' dir='ltr'>„Literarum,</span> <span class='ocrx_word' id='word_1_18' title='bbox 423 441 557 476; x_wconf 88' lang='lat' dir='ltr'>deerat</span> <span class='ocrx_word' id='word_1_19' title='bbox 595 441 782 476; x_wconf 83' lang='lat' dir='ltr'>orationis</span> <span class='ocrx_word' id='word_1_20' title='bbox 821 440 1042 487; x_wconf 79' lang='lat' dir='ltr'>elegantia:</span> <span class='ocrx_word' id='word_1_21' title='bbox 1096 441 1230 476; x_wconf 84' lang='lat' dir='ltr'>harum</span> <span class='ocrx_word' id='word_1_22' title='bbox 1269 441 1438 477; x_wconf 87' lang='lat' dir='ltr'>studium</span> <span class='ocrx_word' id='word_1_23' title='bbox 1477 441 1516 476; x_wconf 88' lang='lat' dir='ltr'>in</span> 
     </span>
     <span class='ocr_line' id='line_1_5' title="bbox 102 496 1519 548; baseline -0.001 -15"><span class='ocrx_word' id='word_1_24' title='bbox 102 497 370 546; x_wconf 87' lang='lat' dir='ltr'>‚,Aeademia,</span> <span class='ocrx_word' id='word_1_25' title='bbox 400 500 441 531; x_wconf 92' lang='lat' dir='ltr'>ut</span> <span class='ocrx_word' id='word_1_26' title='bbox 470 497 646 532; x_wconf 84' lang='lat' dir='ltr'>solebant</span> <span class='ocrx_word' id='word_1_27' title='bbox 673 497 756 531; x_wconf 86' lang='lat' dir='ltr'>sere</span> <span class='ocrx_word' id='word_1_28' title='bbox 786 497 907 532; x_wconf 85' lang='lat' dir='ltr'>futuri</span> <span class='ocrx_word' id='word_1_29' title='bbox 935 496 1142 542; x_wconf 81' lang='lat' dir='ltr'>Theologi‚</span> <span class='ocrx_word' id='word_1_30' title='bbox 1174 497 1416 548; x_wconf 73' lang='lat' dir='ltr'>neglexerat,</span> <span class='ocrx_word' id='word_1_31' title='bbox 1447 507 1519 532; x_wconf 88' lang='lat' dir='ltr'>nec</span> 
     </span>
     <span class='ocr_line' id='line_1_6' title="bbox 103 551 1523 604; baseline 0 -16"><span class='ocrx_word' id='word_1_32' title='bbox 103 558 269 604; x_wconf 82' lang='lat' dir='ltr'>„postea</span> <span class='ocrx_word' id='word_1_33' title='bbox 286 553 536 598; x_wconf 86' lang='lat' dir='ltr'>repetiverat.</span> <span class='ocrx_word' id='word_1_34' title='bbox 595 551 735 599; x_wconf 82' lang='lat' dir='ltr'>Igitur,</span> <span class='ocrx_word' id='word_1_35' title='bbox 766 555 808 587; x_wconf 92' lang='lat' dir='ltr'>ut</span> <span class='ocrx_word' id='word_1_36' title='bbox 832 553 1040 603; x_wconf 80' lang='lat' dir='ltr'>Ernestus,</span> <span class='ocrx_word' id='word_1_37' title='bbox 1069 552 1321 599; x_wconf 67' lang='lat' dir='ltr'>&#39;theologicis</span> <span class='ocrx_word' id='word_1_38' title='bbox 1340 553 1523 598; x_wconf 87' lang='lat' dir='ltr'>aliisque,</span> 
     </span>
     <span class='ocr_line' id='line_1_7' title="bbox 104 606 1518 657; baseline 0.001 -14"><span class='ocrx_word' id='word_1_39' title='bbox 104 609 181 657; x_wconf 85' lang='lat' dir='ltr'>„de</span> <span class='ocrx_word' id='word_1_40' title='bbox 211 609 349 654; x_wconf 88' lang='lat' dir='ltr'>quibus</span> <span class='ocrx_word' id='word_1_41' title='bbox 380 608 590 652; x_wconf 80' lang='lat' dir='ltr'>scriberet,</span> <span class='ocrx_word' id='word_1_42' title='bbox 622 618 707 643; x_wconf 86' lang='lat' dir='ltr'>cum</span> <span class='ocrx_word' id='word_1_43' title='bbox 739 606 939 643; x_wconf 86' lang='lat' dir='ltr'>doctrinae</span> <span class='ocrx_word' id='word_1_44' title='bbox 959 608 1160 653; x_wconf 81' lang='lat' dir='ltr'>elegantia</span> <span class='ocrx_word' id='word_1_45' title='bbox 1190 609 1318 644; x_wconf 84' lang='lat' dir='ltr'>minus</span> <span class='ocrx_word' id='word_1_46' title='bbox 1349 609 1518 644; x_wconf 84' lang='lat' dir='ltr'>coniun-</span> 
     </span>
     <span class='ocr_line' id='line_1_8' title="bbox 105 663 1615 716; baseline 0.001 -16"><span class='ocrx_word' id='word_1_47' title='bbox 105 664 207 716; x_wconf 82' lang='lat' dir='ltr'>„ctis</span> <span class='ocrx_word' id='word_1_48' title='bbox 238 664 502 712; x_wconf 84' lang='lat' dir='ltr'>argumentis,</span> <span class='ocrx_word' id='word_1_49' title='bbox 540 673 625 698; x_wconf 90' lang='lat' dir='ltr'>eum</span> <span class='ocrx_word' id='word_1_50' title='bbox 657 663 823 698; x_wconf 81' lang='lat' dir='ltr'>addebat</span> <span class='ocrx_word' id='word_1_51' title='bbox 861 664 1028 709; x_wconf 89' lang='lat' dir='ltr'>odorem,</span> <span class='ocrx_word' id='word_1_52' title='bbox 1068 673 1143 709; x_wconf 88' lang='lat' dir='ltr'>quo</span> <span class='ocrx_word' id='word_1_53' title='bbox 1174 674 1312 699; x_wconf 87' lang='lat' dir='ltr'>recens</span> <span class='ocrx_word' id='word_1_54' title='bbox 1350 665 1522 700; x_wconf 88' lang='lat' dir='ltr'>imbutus</span> <span class='ocrx_word' id='word_1_55' title='bbox 1536 665 1615 702; x_wconf 86' lang='lat'>118</span> 
     </span>
     <span class='ocr_line' id='line_1_9' title="bbox 105 719 1521 771; baseline 0 -16"><span class='ocrx_word' id='word_1_56' title='bbox 105 721 280 771; x_wconf 70' lang='lat' dir='ltr'>„ruet-at,</span> <span class='ocrx_word' id='word_1_57' title='bbox 307 723 352 756; x_wconf 90' lang='lat' dir='ltr'>ut</span> <span class='ocrx_word' id='word_1_58' title='bbox 381 719 581 765; x_wconf 85' lang='lat' dir='ltr'>antiquum</span> <span class='ocrx_word' id='word_1_59' title='bbox 614 720 748 755; x_wconf 79' lang='lat' dir='ltr'>nescio</span> <span class='ocrx_word' id='word_1_60' title='bbox 779 720 870 764; x_wconf 86' lang='lat' dir='ltr'>quid</span> <span class='ocrx_word' id='word_1_61' title='bbox 902 724 940 755; x_wconf 88' lang='lat' dir='ltr'>et</span> <span class='ocrx_word' id='word_1_62' title='bbox 981 720 1096 766; x_wconf 89' lang='lat' dir='ltr'>plane</span> <span class='ocrx_word' id='word_1_63' title='bbox 1127 720 1341 755; x_wconf 86' lang='lat' dir='ltr'>Romanum</span> <span class='ocrx_word' id='word_1_64' title='bbox 1370 721 1521 766; x_wconf 85' lang='lat' dir='ltr'>spirare</span> 
     </span>
     <span class='ocr_line' id='line_1_10' title="bbox 105 775 1523 824; baseline 0 -13"><span class='ocrx_word' id='word_1_65' title='bbox 105 776 379 824; x_wconf 68' lang='lat' dir='ltr'>„viderentur-2</span> <span class='ocrx_word' id='word_1_66' title='bbox 410 776 466 810; x_wconf 90' lang='lat' dir='ltr'>ita</span> <span class='ocrx_word' id='word_1_67' title='bbox 495 786 594 821; x_wconf 88' lang='lat' dir='ltr'>quae</span> <span class='ocrx_word' id='word_1_68' title='bbox 621 775 659 811; x_wconf 91' lang='lat' dir='ltr'>in</span> <span class='ocrx_word' id='word_1_69' title='bbox 687 776 856 812; x_wconf 88' lang='lat' dir='ltr'>Albertii</span> <span class='ocrx_word' id='word_1_70' title='bbox 887 775 1013 811; x_wconf 86' lang='lat' dir='ltr'>initiis</span> <span class='ocrx_word' id='word_1_71' title='bbox 1043 775 1244 821; x_wconf 87' lang='lat' dir='ltr'>primaque</span> <span class='ocrx_word' id='word_1_72' title='bbox 1274 775 1523 811; x_wconf 84' lang='lat' dir='ltr'>institutione</span> 
     </span>
     <span class='ocr_line' id='line_1_11' title="bbox 105 831 1522 884; baseline -0.001 -17"><span class='ocrx_word' id='word_1_73' title='bbox 105 833 264 884; x_wconf 79' lang='lat' dir='ltr'>„fuerat</span> <span class='ocrx_word' id='word_1_74' title='bbox 294 831 449 867; x_wconf 86' lang='lat' dir='ltr'>horrida</span> <span class='ocrx_word' id='word_1_75' title='bbox 479 834 518 867; x_wconf 86' lang='lat' dir='ltr'>et</span> <span class='ocrx_word' id='word_1_76' title='bbox 547 831 695 866; x_wconf 85' lang='lat' dir='ltr'>inculta</span> <span class='ocrx_word' id='word_1_77' title='bbox 720 831 895 877; x_wconf 89' lang='lat' dir='ltr'>durities,</span> <span class='ocrx_word' id='word_1_78' title='bbox 926 834 1062 877; x_wconf 86' lang='lat' dir='ltr'>postea</span> <span class='ocrx_word' id='word_1_79' title='bbox 1081 831 1373 867; x_wconf 79' lang='lat' dir='ltr'>venustioribus</span> <span class='ocrx_word' id='word_1_80' title='bbox 1404 832 1522 867; x_wconf 82' lang='lat' dir='ltr'>nullis</span> 
     </span>
     <span class='ocr_line' id='line_1_12' title="bbox 107 887 1521 938; baseline 0 -16"><span class='ocrx_word' id='word_1_81' title='bbox 107 888 189 934; x_wconf 85' lang='lat' dir='ltr'>„ita</span> <span class='ocrx_word' id='word_1_82' title='bbox 218 887 366 922; x_wconf 88' lang='lat' dir='ltr'>mollita</span> <span class='ocrx_word' id='word_1_83' title='bbox 383 890 421 921; x_wconf 88' lang='lat' dir='ltr'>et</span> <span class='ocrx_word' id='word_1_84' title='bbox 445 888 623 922; x_wconf 87' lang='lat' dir='ltr'>abstersa</span> <span class='ocrx_word' id='word_1_85' title='bbox 642 889 703 921; x_wconf 85' lang='lat' dir='ltr'>est</span> <span class='ocrx_word' id='word_1_86' title='bbox 722 887 880 938; x_wconf 75' lang='lat' dir='ltr'>studiis,</span> <span class='ocrx_word' id='word_1_87' title='bbox 912 888 1004 932; x_wconf 88' lang='lat' dir='ltr'>quin</span> <span class='ocrx_word' id='word_1_88' title='bbox 1032 887 1119 922; x_wconf 88' lang='lat' dir='ltr'>eius</span> <span class='ocrx_word' id='word_1_89' title='bbox 1143 888 1332 932; x_wconf 81' lang='lat' dir='ltr'>reliquiae</span> <span class='ocrx_word' id='word_1_90' title='bbox 1353 889 1390 923; x_wconf 89' lang='lat' dir='ltr'>ct</span> <span class='ocrx_word' id='word_1_91' title='bbox 1410 887 1521 933; x_wconf 86' lang='lat' dir='ltr'>quasi</span> 
     </span>
     <span class='ocr_line' id='line_1_13' title="bbox 104 938 790 991; baseline -0.001 -13"><span class='ocrx_word' id='word_1_92' title='bbox 104 942 238 991; x_wconf 89' lang='lat' dir='ltr'>„ruris</span> <span class='ocrx_word' id='word_1_93' title='bbox 268 938 490 989; x_wconf 81' lang='lat' dir='ltr'>vestigia*)</span> <span class='ocrx_word' id='word_1_94' title='bbox 520 943 790 987; x_wconf 85' lang='lat' dir='ltr'>apparerent.“</span> 
     </span>
    </p>

    <p class='ocr_par' dir='ltr' id='par_1_3' title="bbox 102 996 1616 2494">
     <span class='ocr_line' id='line_1_14' title="bbox 217 996 1523 1034; baseline -0.001 -1"><span class='ocrx_word' id='word_1_95' title='bbox 217 998 362 1034; x_wconf 88' lang='lat' dir='ltr'>Nullae</span> <span class='ocrx_word' id='word_1_96' title='bbox 399 999 482 1033; x_wconf 88' lang='lat' dir='ltr'>fere</span> <span class='ocrx_word' id='word_1_97' title='bbox 519 998 689 1033; x_wconf 85' lang='lat' dir='ltr'>maiores</span> <span class='ocrx_word' id='word_1_98' title='bbox 727 998 902 1034; x_wconf 82' lang='lat' dir='ltr'>existunt</span> <span class='ocrx_word' id='word_1_99' title='bbox 931 997 1201 1033; x_wconf 83' lang='lat' dir='ltr'>dissensiones</span> <span class='ocrx_word' id='word_1_100' title='bbox 1238 996 1452 1033; x_wconf 89' lang='lat' dir='ltr'>animorum</span> <span class='ocrx_word' id='word_1_101' title='bbox 1485 1000 1523 1032; x_wconf 90' lang='lat' dir='ltr'>et</span> 
     </span>
     <span class='ocr_line' id='line_1_15' title="bbox 105 1053 1523 1100; baseline -0.001 -11"><span class='ocrx_word' id='word_1_102' title='bbox 105 1053 357 1098; x_wconf 82' lang='lat' dir='ltr'>offensiones,</span> <span class='ocrx_word' id='word_1_103' title='bbox 397 1063 510 1098; x_wconf 89' lang='lat' dir='ltr'>quam</span> <span class='ocrx_word' id='word_1_104' title='bbox 541 1054 643 1089; x_wconf 89' lang='lat' dir='ltr'>inter</span> <span class='ocrx_word' id='word_1_105' title='bbox 673 1064 754 1100; x_wconf 65' lang='grc' dir='ltr'>θος,</span> <span class='ocrx_word' id='word_1_106' title='bbox 799 1054 863 1099; x_wconf 86' lang='lat' dir='ltr'>qui</span> <span class='ocrx_word' id='word_1_107' title='bbox 894 1054 932 1089; x_wconf 92' lang='lat' dir='ltr'>in</span> <span class='ocrx_word' id='word_1_108' title='bbox 971 1053 1190 1089; x_wconf 82' lang='lat' dir='ltr'>earumdem</span> <span class='ocrx_word' id='word_1_109' title='bbox 1222 1063 1348 1089; x_wconf 88' lang='lat' dir='ltr'>rerum</span> <span class='ocrx_word' id='word_1_110' title='bbox 1380 1053 1523 1088; x_wconf 87' lang='lat' dir='ltr'>studiis</span> 
     </span>
     <span class='ocr_line' id='line_1_16' title="bbox 105 1109 1521 1154; baseline -0.001 -10"><span class='ocrx_word' id='word_1_111' title='bbox 105 1109 286 1145; x_wconf 87' lang='lat' dir='ltr'>diversas</span> <span class='ocrx_word' id='word_1_112' title='bbox 315 1110 402 1144; x_wconf 82' lang='lat' dir='ltr'>vias</span> <span class='ocrx_word' id='word_1_113' title='bbox 431 1113 669 1154; x_wconf 68' lang='lat' dir='ltr'>sequuntur,</span> <span class='ocrx_word' id='word_1_114' title='bbox 700 1109 804 1145; x_wconf 86' lang='lat' dir='ltr'>unde</span> <span class='ocrx_word' id='word_1_115' title='bbox 842 1113 1035 1144; x_wconf 85' lang='lat' dir='ltr'>sectarum</span> <span class='ocrx_word' id='word_1_116' title='bbox 1068 1112 1105 1144; x_wconf 90' lang='lat' dir='ltr'>et</span> <span class='ocrx_word' id='word_1_117' title='bbox 1144 1119 1280 1144; x_wconf 88' lang='lat' dir='ltr'>nomen</span> <span class='ocrx_word' id='word_1_118' title='bbox 1313 1112 1351 1144; x_wconf 91' lang='lat' dir='ltr'>et</span> <span class='ocrx_word' id='word_1_119' title='bbox 1391 1109 1521 1144; x_wconf 92' lang='lat' dir='ltr'>odium</span> 
     </span>
     <span class='ocr_line' id='line_1_17' title="bbox 105 1163 1523 1215; baseline -0.001 -15"><span class='ocrx_word' id='word_1_120' title='bbox 105 1165 265 1215; x_wconf 79' lang='lat' dir='ltr'>dieitur,</span> <span class='ocrx_word' id='word_1_121' title='bbox 297 1168 333 1200; x_wconf 86' lang='lat' dir='ltr'>et</span> <span class='ocrx_word' id='word_1_122' title='bbox 351 1165 559 1211; x_wconf 89' lang='lat' dir='ltr'>proverbio</span> <span class='ocrx_word' id='word_1_123' title='bbox 581 1169 792 1210; x_wconf 88' lang='lat' dir='ltr'>usurpatur</span> <span class='ocrx_word' id='word_1_124' title='bbox 816 1163 996 1210; x_wconf 76' lang='lat' dir='ltr'>fratrum</span> <span class='ocrx_word' id='word_1_125' title='bbox 1014 1175 1171 1212; x_wconf 78' lang='lat' dir='ltr'>quoque</span> <span class='ocrx_word' id='word_1_126' title='bbox 1187 1166 1360 1211; x_wconf 73' lang='lat' dir='ltr'>qratiam</span> <span class='ocrx_word' id='word_1_127' title='bbox 1385 1174 1523 1200; x_wconf 76' lang='lat' dir='ltr'>raram</span> 
     </span>
     <span class='ocr_line' id='line_1_18' title="bbox 103 1218 1524 1271; baseline 0 -15"><span class='ocrx_word' id='word_1_128' title='bbox 103 1218 268 1266; x_wconf 79' lang='lat' dir='ltr'>esse.**)</span> <span class='ocrx_word' id='word_1_129' title='bbox 337 1223 522 1256; x_wconf 81' lang='lat' dir='ltr'>Attamen</span> <span class='ocrx_word' id='word_1_130' title='bbox 562 1221 845 1271; x_wconf 84' lang='lat' dir='ltr'>Ruhnkenius,</span> <span class='ocrx_word' id='word_1_131' title='bbox 898 1221 963 1266; x_wconf 92' lang='lat' dir='ltr'>qui</span> <span class='ocrx_word' id='word_1_132' title='bbox 1011 1222 1060 1256; x_wconf 88' lang='lat' dir='ltr'>ab</span> <span class='ocrx_word' id='word_1_133' title='bbox 1101 1221 1282 1256; x_wconf 87' lang='lat' dir='ltr'>Albertio</span> <span class='ocrx_word' id='word_1_134' title='bbox 1321 1223 1524 1266; x_wconf 82' lang='lat' dir='ltr'>tantopere</span> 
     </span>
     <span class='ocr_line' id='line_1_19' title="bbox 102 1276 1524 1322; baseline 0 -10"><span class='ocrx_word' id='word_1_135' title='bbox 102 1276 348 1322; x_wconf 82' lang='lat' dir='ltr'>discreparet</span> <span class='ocrx_word' id='word_1_136' title='bbox 388 1287 473 1312; x_wconf 88' lang='lat' dir='ltr'>cum</span> <span class='ocrx_word' id='word_1_137' title='bbox 513 1276 591 1321; x_wconf 85' lang='lat' dir='ltr'>via,</span> <span class='ocrx_word' id='word_1_138' title='bbox 631 1280 709 1312; x_wconf 88' lang='lat' dir='ltr'>tum</span> <span class='ocrx_word' id='word_1_139' title='bbox 749 1277 915 1322; x_wconf 84' lang='lat' dir='ltr'>iudicio,</span> <span class='ocrx_word' id='word_1_140' title='bbox 957 1280 1032 1311; x_wconf 91' lang='lat' dir='ltr'>tam</span> <span class='ocrx_word' id='word_1_141' title='bbox 1072 1277 1196 1311; x_wconf 87' lang='lat' dir='ltr'>amice</span> <span class='ocrx_word' id='word_1_142' title='bbox 1237 1276 1524 1322; x_wconf 87' lang='lat' dir='ltr'>eoniuncteqne</span> 
     </span>
     <span class='ocr_line' id='line_1_20' title="bbox 103 1332 1524 1378; baseline 0 -9"><span class='ocrx_word' id='word_1_143' title='bbox 103 1342 193 1369; x_wconf 85' lang='lat' dir='ltr'>cum</span> <span class='ocrx_word' id='word_1_144' title='bbox 223 1342 269 1369; x_wconf 88' lang='lat' dir='ltr'>eo</span> <span class='ocrx_word' id='word_1_145' title='bbox 300 1332 421 1378; x_wconf 87' lang='lat' dir='ltr'>vixit,</span> <span class='ocrx_word' id='word_1_146' title='bbox 459 1335 502 1368; x_wconf 85' lang='lat' dir='ltr'>ut</span> <span class='ocrx_word' id='word_1_147' title='bbox 532 1333 587 1368; x_wconf 91' lang='lat' dir='ltr'>nil</span> <span class='ocrx_word' id='word_1_148' title='bbox 615 1343 796 1378; x_wconf 87' lang='lat' dir='ltr'>umquam</span> <span class='ocrx_word' id='word_1_149' title='bbox 825 1333 865 1368; x_wconf 91' lang='lat' dir='ltr'>in</span> <span class='ocrx_word' id='word_1_150' title='bbox 908 1332 1081 1368; x_wconf 84' lang='lat' dir='ltr'>amicitia</span> <span class='ocrx_word' id='word_1_151' title='bbox 1113 1333 1231 1368; x_wconf 87' lang='lat' dir='ltr'>fuerit</span> <span class='ocrx_word' id='word_1_152' title='bbox 1262 1333 1524 1369; x_wconf 77' lang='lat' dir='ltr'>coniunctius,</span> 
     </span>
     <span class='ocr_line' id='line_1_21' title="bbox 105 1388 1525 1426; baseline -0.001 -1"><span class='ocrx_word' id='word_1_153' title='bbox 105 1389 192 1425; x_wconf 88' lang='lat' dir='ltr'>Nec</span> <span class='ocrx_word' id='word_1_154' title='bbox 221 1388 374 1426; x_wconf 89' lang='lat' dir='ltr'>mirum.</span> <span class='ocrx_word' id='word_1_155' title='bbox 436 1389 546 1424; x_wconf 79' lang='lat' dir='ltr'>Haud</span> <span class='ocrx_word' id='word_1_156' title='bbox 568 1389 687 1424; x_wconf 84' lang='lat' dir='ltr'>facile</span> <span class='ocrx_word' id='word_1_157' title='bbox 719 1390 792 1425; x_wconf 85' lang='lat' dir='ltr'>fuit</span> <span class='ocrx_word' id='word_1_158' title='bbox 813 1389 994 1425; x_wconf 90' lang='lat' dir='ltr'>Albertio</span> <span class='ocrx_word' id='word_1_159' title='bbox 1025 1388 1185 1424; x_wconf 88' lang='lat' dir='ltr'>lenioris</span> <span class='ocrx_word' id='word_1_160' title='bbox 1211 1388 1329 1423; x_wconf 91' lang='lat' dir='ltr'>animi</span> <span class='ocrx_word' id='word_1_161' title='bbox 1349 1388 1525 1424; x_wconf 84' lang='lat' dir='ltr'>Theolo-</span> 
     </span>
     <span class='ocr_line' id='line_1_22' title="bbox 106 1444 1522 1492; baseline 0 -12"><span class='ocrx_word' id='word_1_162' title='bbox 106 1454 197 1492; x_wconf 61' lang='grc' dir='ltr'>ἕης,</span> <span class='ocrx_word' id='word_1_163' title='bbox 230 1455 302 1480; x_wconf 90' lang='lat' dir='ltr'>nec</span> <span class='ocrx_word' id='word_1_164' title='bbox 322 1444 549 1481; x_wconf 85' lang='lat' dir='ltr'>Ruhnkenii</span> <span class='ocrx_word' id='word_1_165' title='bbox 578 1445 791 1487; x_wconf 80' lang='lat' dir='ltr'>amantior;</span> <span class='ocrx_word' id='word_1_166' title='bbox 822 1450 865 1481; x_wconf 89' lang='lat' dir='ltr'>ut</span> <span class='ocrx_word' id='word_1_167' title='bbox 895 1456 1043 1481; x_wconf 89' lang='lat' dir='ltr'>summa</span> <span class='ocrx_word' id='word_1_168' title='bbox 1063 1444 1167 1481; x_wconf 90' lang='lat' dir='ltr'>inter</span> <span class='ocrx_word' id='word_1_169' title='bbox 1196 1455 1264 1480; x_wconf 88' lang='lat' dir='ltr'>eos</span> <span class='ocrx_word' id='word_1_170' title='bbox 1295 1447 1403 1480; x_wconf 85' lang='lat' dir='ltr'>esset</span> <span class='ocrx_word' id='word_1_171' title='bbox 1431 1455 1522 1480; x_wconf 87' lang='lat' dir='ltr'>mo-</span> 
     </span>
     <span class='ocr_line' id='line_1_23' title="bbox 106 1501 1522 1551; baseline 0 -15"><span class='ocrx_word' id='word_1_172' title='bbox 106 1511 192 1536; x_wconf 88' lang='lat' dir='ltr'>rum</span> <span class='ocrx_word' id='word_1_173' title='bbox 241 1501 565 1546; x_wconf 81' lang='lat' dir='ltr'>voluntatumque</span> <span class='ocrx_word' id='word_1_174' title='bbox 603 1501 843 1551; x_wconf 75' lang='lat' dir='ltr'>similitudo,</span> <span class='ocrx_word' id='word_1_175' title='bbox 889 1502 1066 1547; x_wconf 77' lang='lat' dir='ltr'>profecta</span> <span class='ocrx_word' id='word_1_176' title='bbox 1116 1501 1185 1536; x_wconf 88' lang='lat' dir='ltr'>illa</span> <span class='ocrx_word' id='word_1_177' title='bbox 1223 1501 1270 1536; x_wconf 86' lang='lat' dir='ltr'>ab</span> <span class='ocrx_word' id='word_1_178' title='bbox 1310 1502 1522 1536; x_wconf 87' lang='lat' dir='ltr'>animorum</span> 
     </span>
     <span class='ocr_line' id='line_1_24' title="bbox 103 1556 1524 1604; baseline 0 -13"><span class='ocrx_word' id='word_1_179' title='bbox 103 1556 377 1604; x_wconf 77' lang='lat' dir='ltr'>similitudine,</span> <span class='ocrx_word' id='word_1_180' title='bbox 417 1557 579 1592; x_wconf 83' lang='lat' dir='ltr'>lenitate</span> <span class='ocrx_word' id='word_1_181' title='bbox 609 1560 647 1593; x_wconf 84' lang='lat' dir='ltr'>et</span> <span class='ocrx_word' id='word_1_182' title='bbox 679 1558 870 1593; x_wconf 82' lang='lat' dir='ltr'>facilitate</span> <span class='ocrx_word' id='word_1_183' title='bbox 899 1558 939 1592; x_wconf 90' lang='lat' dir='ltr'>in</span> <span class='ocrx_word' id='word_1_184' title='bbox 971 1557 1146 1593; x_wconf 83' lang='lat' dir='ltr'>ferendis</span> <span class='ocrx_word' id='word_1_185' title='bbox 1185 1557 1524 1601; x_wconf 82' lang='lat' dir='ltr'>dissentientibus,</span> 
     </span>
     <span class='ocr_line' id='line_1_25' title="bbox 104 1612 1522 1659; baseline -0.001 -10"><span class='ocrx_word' id='word_1_186' title='bbox 104 1612 380 1649; x_wconf 82' lang='lat' dir='ltr'>benevolentia</span> <span class='ocrx_word' id='word_1_187' title='bbox 425 1623 473 1648; x_wconf 88' lang='lat' dir='ltr'>ac</span> <span class='ocrx_word' id='word_1_188' title='bbox 504 1614 602 1649; x_wconf 87' lang='lat' dir='ltr'>bene</span> <span class='ocrx_word' id='word_1_189' title='bbox 643 1613 816 1649; x_wconf 87' lang='lat' dir='ltr'>merendi</span> <span class='ocrx_word' id='word_1_190' title='bbox 854 1613 985 1648; x_wconf 89' lang='lat' dir='ltr'>studio</span> <span class='ocrx_word' id='word_1_191' title='bbox 1025 1622 1120 1659; x_wconf 85' lang='lat' dir='ltr'>erga</span> <span class='ocrx_word' id='word_1_192' title='bbox 1158 1613 1342 1658; x_wconf 89' lang='lat' dir='ltr'>optimum</span> <span class='ocrx_word' id='word_1_193' title='bbox 1383 1622 1522 1657; x_wconf 84' lang='lat' dir='ltr'>quem-</span> 
     </span>
     <span class='ocr_line' id='line_1_26' title="bbox 105 1668 1525 1719; baseline -0.001 -15"><span class='ocrx_word' id='word_1_194' title='bbox 105 1679 194 1714; x_wconf 85' lang='lat' dir='ltr'>que,</span> <span class='ocrx_word' id='word_1_195' title='bbox 224 1669 387 1704; x_wconf 81' lang='lat' dir='ltr'>caritate</span> <span class='ocrx_word' id='word_1_196' title='bbox 417 1668 536 1704; x_wconf 91' lang='lat' dir='ltr'>totius</span> <span class='ocrx_word' id='word_1_197' title='bbox 567 1669 727 1714; x_wconf 89' lang='lat' dir='ltr'>generis</span> <span class='ocrx_word' id='word_1_198' title='bbox 757 1668 926 1705; x_wconf 89' lang='lat' dir='ltr'>humani.</span> <span class='ocrx_word' id='word_1_199' title='bbox 987 1668 1207 1719; x_wconf 78' lang='lat' dir='ltr'>Albertius,</span> <span class='ocrx_word' id='word_1_200' title='bbox 1236 1671 1278 1703; x_wconf 91' lang='lat' dir='ltr'>ut</span> <span class='ocrx_word' id='word_1_201' title='bbox 1307 1668 1392 1703; x_wconf 89' lang='lat' dir='ltr'>fieri</span> <span class='ocrx_word' id='word_1_202' title='bbox 1423 1668 1525 1703; x_wconf 89' lang='lat' dir='ltr'>solet</span> 
     </span>
     <span class='ocr_line' id='line_1_27' title="bbox 106 1723 1523 1773; baseline -0.001 -13"><span class='ocrx_word' id='word_1_203' title='bbox 106 1725 147 1760; x_wconf 92' lang='lat' dir='ltr'>in</span> <span class='ocrx_word' id='word_1_204' title='bbox 178 1734 327 1760; x_wconf 90' lang='lat' dir='ltr'>summo</span> <span class='ocrx_word' id='word_1_205' title='bbox 358 1734 513 1773; x_wconf 86' lang='lat' dir='ltr'>amore,</span> <span class='ocrx_word' id='word_1_206' title='bbox 544 1725 671 1771; x_wconf 87' lang='lat' dir='ltr'>magis</span> <span class='ocrx_word' id='word_1_207' title='bbox 703 1725 817 1760; x_wconf 86' lang='lat' dir='ltr'>etiam</span> <span class='ocrx_word' id='word_1_208' title='bbox 850 1727 889 1760; x_wconf 87' lang='lat' dir='ltr'>et</span> <span class='ocrx_word' id='word_1_209' title='bbox 919 1724 1086 1759; x_wconf 82' lang='lat' dir='ltr'>arctiore</span> <span class='ocrx_word' id='word_1_210' title='bbox 1117 1724 1334 1759; x_wconf 84' lang='lat' dir='ltr'>studiorum</span> <span class='ocrx_word' id='word_1_211' title='bbox 1366 1723 1523 1759; x_wconf 85' lang='lat' dir='ltr'>vinculo</span> 
     </span>
     <span class='ocr_line' id='line_1_28' title="bbox 108 1778 1524 1826; baseline -0.001 -11"><span class='ocrx_word' id='word_1_212' title='bbox 108 1780 297 1826; x_wconf 84' lang='lat' dir='ltr'>coniungi</span> <span class='ocrx_word' id='word_1_213' title='bbox 328 1790 414 1815; x_wconf 84' lang='lat' dir='ltr'>eum</span> <span class='ocrx_word' id='word_1_214' title='bbox 447 1780 680 1815; x_wconf 82' lang='lat' dir='ltr'>Ruhnkenio</span> <span class='ocrx_word' id='word_1_215' title='bbox 711 1780 914 1825; x_wconf 79' lang='lat' dir='ltr'>cupiebat3</span> <span class='ocrx_word' id='word_1_216' title='bbox 946 1783 997 1824; x_wconf 87' lang='lat' dir='ltr'>et,</span> <span class='ocrx_word' id='word_1_217' title='bbox 1028 1790 1103 1824; x_wconf 85' lang='lat' dir='ltr'>quo</span> <span class='ocrx_word' id='word_1_218' title='bbox 1133 1779 1257 1814; x_wconf 88' lang='lat' dir='ltr'>maior</span> <span class='ocrx_word' id='word_1_219' title='bbox 1286 1779 1387 1814; x_wconf 86' lang='lat' dir='ltr'>inter</span> <span class='ocrx_word' id='word_1_220' title='bbox 1415 1778 1524 1824; x_wconf 88' lang='lat' dir='ltr'>ipsos</span> 
     </span>
     <span class='ocr_line' id='line_1_29' title="bbox 105 1834 1523 1886; baseline -0.001 -15"><span class='ocrx_word' id='word_1_221' title='bbox 105 1838 214 1872; x_wconf 85' lang='lat' dir='ltr'>esset</span> <span class='ocrx_word' id='word_1_222' title='bbox 253 1835 510 1871; x_wconf 79' lang='lat' dir='ltr'>communitas</span> <span class='ocrx_word' id='word_1_223' title='bbox 547 1835 739 1870; x_wconf 87' lang='lat' dir='ltr'>sermonis</span> <span class='ocrx_word' id='word_1_224' title='bbox 777 1838 815 1871; x_wconf 85' lang='lat' dir='ltr'>ct</span> <span class='ocrx_word' id='word_1_225' title='bbox 853 1835 1089 1886; x_wconf 78' lang='lat' dir='ltr'>argumenti,</span> <span class='ocrx_word' id='word_1_226' title='bbox 1128 1835 1286 1880; x_wconf 89' lang='lat' dir='ltr'>optabat</span> <span class='ocrx_word' id='word_1_227' title='bbox 1315 1836 1357 1870; x_wconf 88' lang='lat' dir='ltr'>ut</span> <span class='ocrx_word' id='word_1_228' title='bbox 1388 1834 1523 1870; x_wconf 82' lang='lat' dir='ltr'>eadem</span> 
     </span>
     <span class='ocr_line' id='line_1_30' title="bbox 104 1882 1616 1940; baseline -0.003 -12"><span class='ocrx_word' id='word_1_229' title='bbox 104 1895 268 1937; x_wconf 83' lang='lat' dir='ltr'>uterque</span> <span class='ocrx_word' id='word_1_230' title='bbox 297 1895 458 1940; x_wconf 86' lang='lat' dir='ltr'>amaret,</span> <span class='ocrx_word' id='word_1_231' title='bbox 488 1901 575 1927; x_wconf 89' lang='lat' dir='ltr'>eum</span> <span class='ocrx_word' id='word_1_232' title='bbox 607 1882 647 1926; x_wconf 82' lang='lat' dir='ltr'>in‘</span> <span class='ocrx_word' id='word_1_233' title='bbox 676 1902 784 1926; x_wconf 89' lang='lat' dir='ltr'>suam</span> <span class='ocrx_word' id='word_1_234' title='bbox 817 1891 918 1926; x_wconf 86' lang='lat' dir='ltr'>viam</span> <span class='ocrx_word' id='word_1_235' title='bbox 951 1891 1155 1926; x_wconf 89' lang='lat' dir='ltr'>traducere</span> <span class='ocrx_word' id='word_1_236' title='bbox 1186 1891 1382 1939; x_wconf 79' lang='lat' dir='ltr'>studebat,</span> <span class='ocrx_word' id='word_1_237' title='bbox 1424 1890 1523 1926; x_wconf 85' lang='lat' dir='ltr'>sub-</span> <span class='ocrx_word' id='word_1_238' title='bbox 1536 1887 1616 1924; x_wconf 84' lang='lat'>119</span> 
     </span>
     <span class='ocr_line' id='line_1_31' title="bbox 105 1947 1525 1991; baseline -0.001 -8"><span class='ocrx_word' id='word_1_239' title='bbox 105 1948 197 1983; x_wconf 82' lang='lat' dir='ltr'>inde</span> <span class='ocrx_word' id='word_1_240' title='bbox 226 1947 387 1983; x_wconf 86' lang='lat' dir='ltr'>hortans</span> <span class='ocrx_word' id='word_1_241' title='bbox 422 1950 465 1982; x_wconf 90' lang='lat' dir='ltr'>ut</span> <span class='ocrx_word' id='word_1_242' title='bbox 504 1947 595 1982; x_wconf 90' lang='lat' dir='ltr'>item</span> <span class='ocrx_word' id='word_1_243' title='bbox 631 1957 769 1982; x_wconf 83' lang='lat' dir='ltr'>sacrae</span> <span class='ocrx_word' id='word_1_244' title='bbox 800 1947 970 1982; x_wconf 84' lang='lat' dir='ltr'>Critieae</span> <span class='ocrx_word' id='word_1_245' title='bbox 1010 1956 1165 1991; x_wconf 81' lang='lat' dir='ltr'>operam</span> <span class='ocrx_word' id='word_1_246' title='bbox 1206 1948 1380 1981; x_wconf 84' lang='lat' dir='ltr'>navaret.</span> <span class='ocrx_word' id='word_1_247' title='bbox 1442 1947 1525 1983; x_wconf 84' lang='lat' dir='ltr'>Hoc</span> 
     </span>
     <span class='ocr_line' id='line_1_32' title="bbox 107 2001 1526 2052; baseline -0.001 -13"><span class='ocrx_word' id='word_1_248' title='bbox 107 2008 190 2040; x_wconf 80' lang='lat' dir='ltr'>lum</span> <span class='ocrx_word' id='word_1_249' title='bbox 204 2001 368 2048; x_wconf 69' lang='lat' dir='ltr'>factam,</span> <span class='ocrx_word' id='word_1_250' title='bbox 389 2003 519 2037; x_wconf 84' lang='lat' dir='ltr'>aiebat</span> <span class='ocrx_word' id='word_1_251' title='bbox 539 2001 817 2052; x_wconf 74' lang='lat' dir='ltr'>Rulinkenius7</span> <span class='ocrx_word' id='word_1_252' title='bbox 846 2011 968 2048; x_wconf 81' lang='lat' dir='ltr'>quum</span> <span class='ocrx_word' id='word_1_253' title='bbox 989 2002 1087 2036; x_wconf 73' lang='lat' dir='ltr'>salis</span> <span class='ocrx_word' id='word_1_254' title='bbox 1104 2011 1318 2048; x_wconf 76' lang='lat' dir='ltr'>percepero</span> <span class='ocrx_word' id='word_1_255' title='bbox 1338 2002 1526 2048; x_wconf 78' lang='lat' dir='ltr'>antiquas</span> 
     </span>
     <span class='ocr_line' id='line_1_33' title="bbox 107 2058 1523 2106; baseline -0.001 -12"><span class='ocrx_word' id='word_1_256' title='bbox 107 2063 144 2095; x_wconf 80' lang='lat' dir='ltr'>et</span> <span class='ocrx_word' id='word_1_257' title='bbox 163 2069 376 2106; x_wconf 69' lang='lat' dir='ltr'>yermanas</span> <span class='ocrx_word' id='word_1_258' title='bbox 393 2058 571 2094; x_wconf 81' lang='lat' dir='ltr'>Graecas</span> <span class='ocrx_word' id='word_1_259' title='bbox 587 2058 761 2105; x_wconf 77' lang='lat' dir='ltr'>Literas,</span> <span class='ocrx_word' id='word_1_260' title='bbox 780 2059 865 2093; x_wconf 78' lang='lat' dir='ltr'>sine</span> <span class='ocrx_word' id='word_1_261' title='bbox 885 2059 1025 2103; x_wconf 77' lang='lat' dir='ltr'>‹Jm&#39;bus</span> <span class='ocrx_word' id='word_1_262' title='bbox 1042 2059 1213 2092; x_wconf 71' lang='lat' dir='ltr'>normae</span> <span class='ocrx_word' id='word_1_263' title='bbox 1232 2061 1329 2094; x_wconf 72' lang='lat' dir='ltr'>istae</span> <span class='ocrx_word' id='word_1_264' title='bbox 1348 2069 1396 2093; x_wconf 78' lang='lat' dir='ltr'>ac</span> <span class='ocrx_word' id='word_1_265' title='bbox 1413 2068 1523 2104; x_wconf 81' lang='lat' dir='ltr'>pere-</span> 
     </span>
     <span class='ocr_line' id='line_1_34' title="bbox 105 2113 1523 2160; baseline -0.002 -10"><span class='ocrx_word' id='word_1_266' title='bbox 105 2116 245 2160; x_wconf 57' lang='lat' dir='ltr'>,qv-inae</span> <span class='ocrx_word' id='word_1_267' title='bbox 273 2114 426 2159; x_wconf 70' lang='lat' dir='ltr'>pert-[pi</span> <span class='ocrx_word' id='word_1_268' title='bbox 455 2123 536 2149; x_wconf 77' lang='lat' dir='ltr'>non</span> <span class='ocrx_word' id='word_1_269' title='bbox 563 2117 741 2159; x_wconf 80' lang='lat' dir='ltr'>possunt.</span> <span class='ocrx_word' id='word_1_270' title='bbox 802 2113 937 2149; x_wconf 82' lang='lat' dir='ltr'>Eidem</span> <span class='ocrx_word' id='word_1_271' title='bbox 958 2113 1125 2148; x_wconf 88' lang='lat' dir='ltr'>subinde</span> <span class='ocrx_word' id='word_1_272' title='bbox 1143 2114 1307 2149; x_wconf 84' lang='lat' dir='ltr'>minutos</span> <span class='ocrx_word' id='word_1_273' title='bbox 1338 2114 1523 2158; x_wconf 80' lang='lat' dir='ltr'>quosdam</span> 
     </span>
     <span class='ocr_line' id='line_1_35' title="bbox 108 2168 1523 2217; baseline -0.002 -12"><span class='ocrx_word' id='word_1_274' title='bbox 108 2174 147 2205; x_wconf 90' lang='lat' dir='ltr'>et</span> <span class='ocrx_word' id='word_1_275' title='bbox 177 2169 404 2215; x_wconf 86' lang='lat' dir='ltr'>posterioris</span> <span class='ocrx_word' id='word_1_276' title='bbox 443 2168 584 2205; x_wconf 83' lang='lat' dir='ltr'>aetatis</span> <span class='ocrx_word' id='word_1_277' title='bbox 615 2169 784 2204; x_wconf 80' lang='lat' dir='ltr'>Graecos</span> <span class='ocrx_word' id='word_1_278' title='bbox 815 2170 1035 2214; x_wconf 81' lang='lat' dir='ltr'>Scriptores</span> <span class='ocrx_word' id='word_1_279' title='bbox 1075 2169 1237 2216; x_wconf 87' lang='lat' dir='ltr'>legenti,</span> <span class='ocrx_word' id='word_1_280' title='bbox 1274 2169 1523 2217; x_wconf 75' lang='lat' dir='ltr'>rogantique,</span> 
     </span>
     <span class='ocr_line' id='line_1_36' title="bbox 110 2225 1522 2272; baseline -0.001 -11"><span class='ocrx_word' id='word_1_281' title='bbox 110 2229 151 2261; x_wconf 90' lang='lat' dir='ltr'>ut</span> <span class='ocrx_word' id='word_1_282' title='bbox 180 2226 266 2271; x_wconf 85' lang='lat' dir='ltr'>ipse</span> <span class='ocrx_word' id='word_1_283' title='bbox 290 2235 442 2270; x_wconf 88' lang='lat' dir='ltr'>quoque</span> <span class='ocrx_word' id='word_1_284' title='bbox 465 2236 529 2260; x_wconf 89' lang='lat' dir='ltr'>eos</span> <span class='ocrx_word' id='word_1_285' title='bbox 551 2225 716 2272; x_wconf 86' lang='lat' dir='ltr'>legeret,</span> <span class='ocrx_word' id='word_1_286' title='bbox 747 2225 961 2270; x_wconf 78' lang='lat' dir='ltr'>respondit,</span> <span class='ocrx_word' id='word_1_287' title='bbox 994 2225 1142 2269; x_wconf 46' lang='lat' dir='ltr'>[Ae-qam</span> <span class='ocrx_word' id='word_1_288' title='bbox 1162 2225 1324 2270; x_wconf 77' lang='lat' dir='ltr'>quando</span> <span class='ocrx_word' id='word_1_289' title='bbox 1345 2234 1432 2259; x_wconf 82' lang='lat' dir='ltr'>mea</span> <span class='ocrx_word' id='word_1_290' title='bbox 1461 2234 1522 2259; x_wconf 77' lang='lat' dir='ltr'>me</span> 
     </span>
     <span class='ocr_line' id='line_1_37' title="bbox 107 2280 1522 2326; baseline -0.001 -9"><span class='ocrx_word' id='word_1_291' title='bbox 107 2283 173 2317; x_wconf 78' lang='lat' dir='ltr'>via</span> <span class='ocrx_word' id='word_1_292' title='bbox 189 2285 227 2317; x_wconf 81' lang='lat' dir='ltr'>et</span> <span class='ocrx_word' id='word_1_293' title='bbox 247 2282 437 2326; x_wconf 76' lang='lat' dir='ltr'>temporis</span> <span class='ocrx_word' id='word_1_294' title='bbox 451 2281 549 2317; x_wconf 80' lang='lat' dir='ltr'>ordo</span> <span class='ocrx_word' id='word_1_295' title='bbox 570 2292 614 2316; x_wconf 83' lang='lat' dir='ltr'>eo</span> <span class='ocrx_word' id='word_1_296' title='bbox 628 2281 842 2316; x_wconf 52' lang='lat' dir='ltr'>deflueret-it</span> <span class='ocrx_word' id='word_1_297' title='bbox 854 2295 872 2326; x_wconf 89' lang='lat'><em>;</em></span> <span class='ocrx_word' id='word_1_298' title='bbox 894 2289 1003 2316; x_wconf 75' lang='lat' dir='ltr'>nunc</span> <span class='ocrx_word' id='word_1_299' title='bbox 1021 2281 1178 2325; x_wconf 72' lang='lat' dir='ltr'>quidem</span> <span class='ocrx_word' id='word_1_300' title='bbox 1202 2280 1242 2315; x_wconf 81' lang='lat' dir='ltr'>in</span> <span class='ocrx_word' id='word_1_301' title='bbox 1260 2280 1522 2315; x_wconf 71' lang='lat' dir='ltr'>Demosthene</span> 
     </span>
     <span class='ocr_line' id='line_1_38' title="bbox 108 2335 1522 2383; baseline -0.001 -10"><span class='ocrx_word' id='word_1_302' title='bbox 108 2346 256 2373; x_wconf 66' lang='lat' dir='ltr'>versor.</span> <span class='ocrx_word' id='word_1_303' title='bbox 315 2337 400 2373; x_wconf 79' lang='lat' dir='ltr'>Nee</span> <span class='ocrx_word' id='word_1_304' title='bbox 429 2337 562 2381; x_wconf 84' lang='lat' dir='ltr'>inique</span> <span class='ocrx_word' id='word_1_305' title='bbox 593 2337 743 2372; x_wconf 82' lang='lat' dir='ltr'>ferebat</span> <span class='ocrx_word' id='word_1_306' title='bbox 776 2335 1058 2370; x_wconf 86' lang='lat' dir='ltr'>recusationem</span> <span class='ocrx_word' id='word_1_307' title='bbox 1085 2335 1304 2383; x_wconf 88' lang='lat' dir='ltr'>Albertius,</span> <span class='ocrx_word' id='word_1_308' title='bbox 1335 2336 1403 2371; x_wconf 86' lang='lat' dir='ltr'>sed</span> <span class='ocrx_word' id='word_1_309' title='bbox 1435 2335 1522 2371; x_wconf 86' lang='lat' dir='ltr'>eius</span> 
     </span>
     <span class='ocr_line' id='line_1_39' title="bbox 110 2391 1523 2440; baseline -0.001 -11"><span class='ocrx_word' id='word_1_310' title='bbox 110 2393 274 2429; x_wconf 87' lang='lat' dir='ltr'>veritate</span> <span class='ocrx_word' id='word_1_311' title='bbox 299 2393 442 2438; x_wconf 87' lang='lat' dir='ltr'>vietus,</span> <span class='ocrx_word' id='word_1_312' title='bbox 465 2394 585 2428; x_wconf 82' lang='lat' dir='ltr'>Enim</span> <span class='ocrx_word' id='word_1_313' title='bbox 616 2401 718 2435; x_wconf 71' lang='lat' dir='ltr'>vero,</span> <span class='ocrx_word' id='word_1_314' title='bbox 749 2391 892 2440; x_wconf 86' lang='lat' dir='ltr'>aiebat,</span> <span class='ocrx_word' id='word_1_315' title='bbox 911 2394 1015 2426; x_wconf 81' lang='lat' dir='ltr'>recle</span> <span class='ocrx_word' id='word_1_316' title='bbox 1029 2400 1193 2426; x_wconf 79' lang='lat' dir='ltr'>mones:</span> <span class='ocrx_word' id='word_1_317' title='bbox 1224 2395 1261 2427; x_wconf 83' lang='lat' dir='ltr'>ec</span> <span class='ocrx_word' id='word_1_318' title='bbox 1284 2392 1418 2427; x_wconf 78' lang='lat' dir='ltr'>vellem</span> <span class='ocrx_word' id='word_1_319' title='bbox 1438 2392 1523 2438; x_wconf 75' lang='lat' dir='ltr'>ipse</span> 
     </span>
     <span class='ocr_line' id='line_1_40' title="bbox 109 2448 1484 2494; baseline -0.001 -8"><span class='ocrx_word' id='word_1_320' title='bbox 109 2453 266 2486; x_wconf 81' lang='lat' dir='ltr'>mature</span> <span class='ocrx_word' id='word_1_321' title='bbox 294 2450 398 2484; x_wconf 81' lang='lat' dir='ltr'>hanc</span> <span class='ocrx_word' id='word_1_322' title='bbox 428 2450 533 2484; x_wconf 68' lang='lat' dir='ltr'>viam</span> <span class='ocrx_word' id='word_1_323' title='bbox 562 2449 762 2494; x_wconf 62' lang='lat' dir='ltr'>inm-essu&gt;-</span> <span class='ocrx_word' id='word_1_324' title='bbox 792 2457 937 2482; x_wconf 79' lang='lat' dir='ltr'>essem:</span> <span class='ocrx_word' id='word_1_325' title='bbox 971 2457 1080 2482; x_wconf 76' lang='lat' dir='ltr'>mmo</span> <span class='ocrx_word' id='word_1_326' title='bbox 1109 2448 1265 2494; x_wconf 79' lang='lat' dir='ltr'>quidem</span> <span class='ocrx_word' id='word_1_327' title='bbox 1295 2457 1383 2483; x_wconf 84' lang='lat' dir='ltr'>sero</span> <span class='ocrx_word' id='word_1_328' title='bbox 1413 2451 1484 2485; x_wconf 79' lang='lat' dir='ltr'>est.</span> 
     </span>
    </p>

    <p class='ocr_par' dir='ltr' id='par_1_4' title="bbox 55 2502 1525 2666">
     <span class='ocr_line' id='line_1_41' title="bbox 222 2502 1525 2550; baseline -0.002 -10"><span class='ocrx_word' id='word_1_329' title='bbox 222 2506 378 2540; x_wconf 89' lang='lat' dir='ltr'>Annum</span> <span class='ocrx_word' id='word_1_330' title='bbox 426 2504 588 2550; x_wconf 88' lang='lat' dir='ltr'>primum</span> <span class='ocrx_word' id='word_1_331' title='bbox 637 2514 756 2549; x_wconf 86' lang='lat' dir='ltr'>supra</span> <span class='ocrx_word' id='word_1_332' title='bbox 803 2502 1144 2550; x_wconf 86' lang='lat' dir='ltr'>quadragesimum</span> <span class='ocrx_word' id='word_1_333' title='bbox 1191 2504 1335 2550; x_wconf 84' lang='lat' dir='ltr'>agebat</span> <span class='ocrx_word' id='word_1_334' title='bbox 1378 2503 1525 2540; x_wconf 89' lang='lat' dir='ltr'>Ruhn-</span> 
     </span>
     <span class='ocr_line' id='line_1_42' title="bbox 55 2558 1523 2608; baseline -0.001 -12"><span class='ocrx_word' id='word_1_335' title='bbox 55 2570 57 2578; x_wconf 83' lang='grc'><strong>’</strong></span> <span class='ocrx_word' id='word_1_336' title='bbox 112 2560 251 2596; x_wconf 85' lang='lat' dir='ltr'>kenius</span> <span class='ocrx_word' id='word_1_337' title='bbox 289 2559 480 2608; x_wconf 78' lang='lat'>(1763.)‚</span> <span class='ocrx_word' id='word_1_338' title='bbox 525 2559 653 2595; x_wconf 80' lang='lat' dir='ltr'>adhuc</span> <span class='ocrx_word' id='word_1_339' title='bbox 699 2562 738 2595; x_wconf 90' lang='lat' dir='ltr'>et</span> <span class='ocrx_word' id='word_1_340' title='bbox 787 2561 871 2594; x_wconf 90' lang='lat' dir='ltr'>erat</span> <span class='ocrx_word' id='word_1_341' title='bbox 914 2558 1073 2594; x_wconf 85' lang='lat' dir='ltr'>caelebs</span> <span class='ocrx_word' id='word_1_342' title='bbox 1122 2560 1161 2593; x_wconf 90' lang='lat' dir='ltr'>et</span> <span class='ocrx_word' id='word_1_343' title='bbox 1205 2568 1319 2603; x_wconf 90' lang='lat' dir='ltr'>porro</span> <span class='ocrx_word' id='word_1_344' title='bbox 1367 2569 1523 2594; x_wconf 87' lang='lat' dir='ltr'>manere</span> 
     </span>
     <span class='ocr_line' id='line_1_43' title="bbox 113 2614 1524 2666; baseline 0.001 -15"><span class='ocrx_word' id='word_1_345' title='bbox 113 2616 356 2662; x_wconf 82' lang='lat' dir='ltr'>decreverat,</span> <span class='ocrx_word' id='word_1_346' title='bbox 386 2616 463 2652; x_wconf 88' lang='lat' dir='ltr'>nisi</span> <span class='ocrx_word' id='word_1_347' title='bbox 496 2616 721 2652; x_wconf 80' lang='lat' dir='ltr'>facultatem</span> <span class='ocrx_word' id='word_1_348' title='bbox 758 2615 896 2663; x_wconf 85' lang='lat' dir='ltr'>bonae,</span> <span class='ocrx_word' id='word_1_349' title='bbox 940 2624 1052 2660; x_wconf 88' lang='lat' dir='ltr'>quam</span> <span class='ocrx_word' id='word_1_350' title='bbox 1091 2617 1247 2666; x_wconf 79' lang='lat' dir='ltr'>vocant,</span> <span class='ocrx_word' id='word_1_351' title='bbox 1287 2614 1524 2657; x_wconf 77' lang='lat' dir='ltr'>conditionis</span> 
     </span>
    </p>
   </div>
   <div class='ocr_carea' id='block_1_3' title="bbox 112 2746 1183 2854">
    <p class='ocr_par' dir='ltr' id='par_1_5' title="bbox 112 2746 1183 2854">
     <span class='ocr_line' id='line_1_44' title="bbox 114 2746 1183 2786; baseline -0.009 -5"><span class='ocrx_word' id='word_1_352' title='bbox 114 2748 145 2783; x_wconf 77' lang='lat' dir='ltr'>‘J</span> <span class='ocrx_word' id='word_1_353' title='bbox 169 2747 292 2777; x_wconf 80' lang='lat' dir='ltr'>Horat.</span> <span class='ocrx_word' id='word_1_354' title='bbox 317 2747 468 2785; x_wconf 62' lang='lat' dir='ltr'>[Epist]</span> <span class='ocrx_word' id='word_1_355' title='bbox 494 2748 536 2786; x_wconf 87' lang='lat' dir='ltr'>ll,</span> <span class='ocrx_word' id='word_1_356' title='bbox 566 2749 593 2786; x_wconf 90' lang='grc'>1,</span> <span class='ocrx_word' id='word_1_357' title='bbox 623 2748 695 2779; x_wconf 74' lang='lat' dir='ltr'>loo.</span> <span class='ocrx_word' id='word_1_358' title='bbox 747 2747 918 2779; x_wconf 75' lang='lat' dir='ltr'>Videatur</span> <span class='ocrx_word' id='word_1_359' title='bbox 941 2754 1047 2785; x_wconf 82' lang='lat' dir='ltr'>supra</span> <span class='ocrx_word' id='word_1_360' title='bbox 1072 2755 1103 2786; x_wconf 84' lang='lat' dir='ltr'>p.</span> <span class='ocrx_word' id='word_1_361' title='bbox 1130 2746 1183 2781; x_wconf 64' lang='grc' dir='ltr'>23ς</span> 
     </span>
     <span class='ocr_line' id='line_1_45' title="bbox 112 2810 549 2854; baseline -0.014 -8"><span class='ocrx_word' id='word_1_362' title='bbox 112 2810 156 2851; x_wconf 80' lang='grc'>”’)</span> <span class='ocrx_word' id='word_1_363' title='bbox 182 2812 284 2844; x_wconf 88' lang='lat' dir='ltr'>Ovid.</span> <span class='ocrx_word' id='word_1_364' title='bbox 309 2813 394 2845; x_wconf 80' lang='lat' dir='ltr'>Met.</span> <span class='ocrx_word' id='word_1_365' title='bbox 422 2815 448 2854; x_wconf 79' lang='lat' dir='ltr'>i,</span> <span class='ocrx_word' id='word_1_366' title='bbox 476 2814 549 2846; x_wconf 18' lang='lat'>145*</span> 
     </span>
    </p>
   </div>
  </div>
 </body>
</html>
