1816 3233
73 292 153 329 Pag.
160 292 209 323 ed.
217 291 320 328 princ.

74 334 269 369 129.vs.1e.
291 333 476 376 familiam
499 336 643 369 ducens.
689 338 770 370 Vid.
796 338 838 370 de
863 339 927 370 bac
950 338 1102 370 formula
1124 337 1288 372 Schuetz.
1313 339 1401 373 Lex.
1419 338 1481 373 Ci-

230 388 352 413 ceron.
377 384 412 413 in
435 391 470 413 v.
494 381 655 414 Familia
680 388 716 415 et
740 384 914 425 Spalding.
941 384 982 414 ad
1007 384 1231 422 Quinctilian.
1257 384 1284 427 Ι,
1307 385 1339 426 2,
1363 384 1419 417 24.

92 443 129 450 —-
159 442 197 448 —-
214 428 306 458 extr.
335 427 543 466 impostore.
590 428 668 461 Vid.
694 429 824 461 Krebs.
850 430 874 461 l.
900 429 922 460 Ι.
946 437 1024 469 pag.
1050 428 1128 461 405.

73 471 192 504 131.-
207 472 242 503 2.
266 473 480 514 seoeayesimi
511 474 545 505 et
573 474 699 514 quinti.
746 476 916 506 Usitatius
951 479 1007 506 est
1035 474 1248 516 sewayesimi
1278 474 1396 516 quinti
1426 475 1481 517 vel

230 518 348 558 quinti
371 518 406 549 et
429 519 653 560 seoeayesimi.
701 519 756 551 Cf.
781 521 822 552 ad
847 527 928 559 pag.
952 520 1009 559 96,
1032 519 1088 550 10.

91 579 130 587 -
160 579 198 587 -
214 563 270 594 18.
294 563 406 594 etiam
428 563 503 595 tum
526 572 636 604 quum
659 564 778 596 adhuc
798 563 950 606 viyebat.
998 565 1073 596 Hoc
1105 567 1134 596 si
1164 565 1205 597 ad
1236 572 1397 598 normam
1422 565 1483 598 Ci-

230 610 447 640 ceronianae
483 611 747 641 consuetudinis
790 616 827 642 et
862 611 1004 642 omnino
1046 610 1232 642 meliorum
1272 612 1484 651 scriptorum

231 655 380 694 exigere
405 655 510 692 velis,
535 656 588 686 sic
611 655 792 687 dicendum
819 660 892 687 est:
917 662 1025 696 quum
1048 655 1236 687 etiamtum
1258 655 1401 698 viyebat
1426 657 1483 689 vel

230 706 272 730 eo
294 699 374 738 ipso
396 706 466 740 quo
491 699 724 740 (etiamtum)
747 699 889 742 viyebat
911 701 1080 740 tempore.

75 741 194 776 132.
208 745 242 775 5.
267 742 349 774 Huc
371 744 586 786 accedebat,
611 747 706 786 quod
729 746 847 777 nullos
868 745 1014 777 haberet
1036 762 1080 769 —
1103 745 1257 778 notaret.
1306 746 1372 778 Hic
1395 755 1482 788 quo-

233 797 300 830 que
322 790 509 822 indicativi
531 790 684 822 habebat
707 795 743 823 et
758 790 910 823 notabat
930 793 1015 823 mibi
1035 793 1174 832 quidem
1198 793 1311 834 magis
1335 792 1483 833 placent.

231 835 352 875 Neque
375 837 470 867 enim
494 836 538 868 de
562 838 720 874 cogitata
744 845 784 869 re
808 839 935 877 agitur,
959 839 1020 869 sed
1046 837 1090 869 de
1115 845 1215 869 vera.

76 877 248 913 133.-2.
274 878 470 920 Casparus.
516 881 655 914 Nullam
687 883 789 921 plane
821 891 959 913 causam
984 882 1110 922 video,
1143 891 1206 914 cur
1228 882 1315 914 Lud.
1343 881 1487 922 Caspar

232 925 494 958 Valckenarius
523 929 722 959 nominetur
755 928 794 958 L.
830 926 1015 967 Gasparus
1036 927 1163 959 Valck.
1213 927 1356 967 Caspar
1379 931 1483 967 enim,

232 975 269 1003 ut
299 970 521 1015 Balthasar,
557 974 839 1004 terminationem
872 979 976 1014 atque
1007 974 1135 1005 exitum
1170 972 1334 1005 Latinum
1370 974 1486 1015 habet,

232 1017 290 1058 qui
313 1019 369 1048 est
392 1019 507 1058 utique
530 1017 745 1050 retinendus.

89 1078 127 1086 —
157 1062 244 1094 —3.
268 1061 454 1094 decessore
481 1070 678 1094 successor.
735 1063 809 1094 Cic.
844 1070 908 1103 pro
942 1064 1064 1094 Scaur.
1106 1064 1139 1102 §-
1167 1063 1223 1093 33.
1276 1062 1487 1095 Successori

231 1107 397 1139 decessor
419 1107 560 1140 invidit.
599 1109 829 1149 similiterque
853 1107 942 1148 apud
968 1108 1126 1140 Tacitum
1151 1109 1270 1149 Agric.
1295 1109 1327 1139 7.
1361 1109 1489 1141 deces-

232 1160 297 1184 sor
325 1155 513 1193 opponitur
542 1154 753 1185 successori.
808 1154 1023 1194 Quamquam
1056 1158 1172 1185 autem
1213 1153 1380 1185 decessor
1416 1163 1487 1186 non

234 1199 313 1230 fere
337 1198 517 1230 dicebatur
541 1201 610 1230 nisi
632 1201 687 1239 qui
711 1199 755 1231 de
779 1200 962 1238 provincia
986 1198 1160 1230 decedens
1184 1202 1385 1231 successori
1409 1208 1487 1231 eam

236 1243 416 1285 traderet,
458 1252 528 1275 non
569 1247 684 1276 tamen
717 1244 871 1276 arbitror
905 1246 939 1276 in
974 1244 1240 1283 Wyttenbacbii
1276 1245 1398 1275 verbis
1435 1246 1488 1276 his

235 1287 420 1328 quidquam
444 1289 654 1329 reprehendi
676 1297 796 1329 posse.
834 1289 966 1329 Ulpian.
991 1289 1071 1330 Dig.
1097 1289 1124 1330 1,
1149 1288 1205 1331 16,
1228 1288 1261 1319 4.
1293 1287 1402 1320 Recte
1422 1287 1487 1329 fa-

235 1333 321 1376 ciet,
342 1333 375 1364 si
397 1333 555 1365 edictum
578 1333 761 1366 decessori
784 1341 849 1364 suo
871 1333 1022 1364 miserit.
1068 1333 1122 1365 Cf.
1137 1334 1286 1367 Weber.
1306 1333 1488 1375 Uebunys-

234 1378 356 1410 schule
378 1382 446 1411 etc.
470 1388 550 1421 pag.
576 1379 656 1412 179.
704 1380 744 1411 ln
768 1379 904 1421 Digest.
931 1379 1097 1411 decessor
1121 1381 1156 1411 et
1173 1379 1379 1411 antecessor
1401 1388 1487 1421 pro—-

233 1426 366 1456 miscue
390 1427 617 1465 usurpantur.

78 1469 200 1502 135.—
214 1468 248 1502 1.
272 1469 536 1502 instaurandis.
583 1470 751 1507 Volebat,
783 1472 823 1501 ut
854 1471 997 1510 opinor,
1024 1466 1231 1510 reficiendis
1262 1471 1340 1502 sive
1368 1477 1488 1502 emen-

237 1514 379 1546 dandis.
428 1515 480 1548 Cf.
506 1515 635 1547 Krebs.
660 1515 776 1547 Antib.
802 1523 881 1556 pag.
906 1514 985 1546 4³2.

99 1577 134 1585 —
166 1562 252 1592 -5.
275 1560 426 1601 glossas,
474 1559 605 1592 Glossa
635 1557 797 1601 (γλῶσσα)
829 1559 999 1600 significat
1025 1566 1149 1590 vocem
1174 1561 1288 1591 minus
1311 1562 1490 1603 usitatam,

239 1614 330 1646 quae
357 1607 427 1637 alia
456 1609 639 1638 usitatiore
675 1607 883 1645 notioreque
920 1605 1185 1644 interpretanda
1214 1607 1258 1637 sit
1287 1608 1395 1646 atque
1425 1615 1492 1638 ex-

237 1652 428 1692 plananda3
463 1656 588 1683 contra
616 1650 795 1692 ylossema
823 1647 1033 1691 (γλώσσημα)
1068 1652 1208 1690 proprie
1244 1650 1286 1682 de
1317 1652 1378 1682 illo
1411 1653 1490 1692 ipso

238 1699 400 1737 notiore,
437 1705 502 1736 per
537 1698 628 1736 quod
665 1696 789 1737 ylossa
824 1696 1038 1735 explicatur,
1072 1695 1247 1726 vocabulo
1281 1702 1490 1735 usurpatur:

240 1749 445 1783 quamquam
470 1742 559 1773 haud
583 1750 665 1774 raro
690 1742 813 1774 eadem
837 1748 903 1781 qua
924 1740 1047 1780 ylossa
1069 1739 1327 1781 significatione
1351 1741 1491 1773 dicitur.

240 1788 316 1819 vid.
342 1788 509 1826 Quinctil.
540 1788 572 1827 Ι,
603 1788 643 1827 8,
674 1786 728 1818 15.
781 1786 848 1817 Sed
879 1794 899 1816 a
932 1787 1106 1826 plerisque
1135 1793 1227 1816 nunc
1253 1786 1374 1826 inepte
1406 1787 1493 1818 haec

239 1832 413 1864 vocabula
443 1833 486 1863 ad
517 1833 778 1872 designandam
789 1831 950 1871 quamvis
972 1832 1298 1868 interpretationem
1322 1834 1359 1863 et
1381 1832 1494 1872 expli-

240 1879 416 1908 cationem
447 1877 663 1909 adhibentur.
711 1876 946 1915 Quamobrem
977 1875 1254 1914 eoeplanationes
1283 1875 1494 1908 rarioribus

242 1921 582 1963 obscurioribus-que
604 1922 828 1960 scriptorum
850 1919 970 1952 verbis
1000 1921 1035 1952 et
1058 1919 1325 1975 loquutionibus
1347 1921 1492 1954 adhibi-

243 1968 304 1999 tas
326 1968 444 1999 dicere
468 1968 617 1999 debebat
641 1968 677 1999 W
679 1967 893 2006 yttenbach.

99 2028 139 2037 —
166 2012 274 2045 -12.
301 2013 340 2043 in
365 2011 507 2043 Critica
528 2029 573 2035 —-
595 2018 719 2043 sacra.
767 2012 900 2043 Saltem
932 2011 999 2042 dici
1028 2011 1154 2043 licebat
1183 2011 1223 2042 in.
1249 2008 1336 2042 crit.
1361 2019 1493 2043 sacro-

240 2066 325 2089 rum
346 2056 547 2100 librorum‚
579 2057 669 2097 quod
693 2059 748 2089 est
777 2056 817 2087 in
839 2055 944 2087 libris
965 2056 1086 2087 sacris
1107 2056 1157 2088 ad
1180 2056 1351 2088 criticam
1371 2057 1494 2090 ratio-

240 2111 322 2135 nem
344 2102 577 2134 emendandis
598 2103 706 2143 atque
728 2101 1028 2141 interpretandis.

102 2165 139 2174 —
167 2165 207 2174 -
225 2148 278 2182 18.
303 2147 579 2180 Numismatum.
631 2148 741 2180 Immo
771 2154 1009 2179 nummorum.
1056 2147 1155 2185 Quod
1182 2148 1359 2180 antecedit
1384 2147 1494 2180 Iure-

243 2193 492 2225 consultorum
514 2193 744 2235 vocabulum,
774 2201 840 2231 pro
864 2201 906 2225 eo
932 2193 1092 2224 usitatius
1115 2195 1171 2224 est
1200 2194 1350 2226 alterum
1372 2192 1495 2226 Iuris-

245 2239 502 2271 consultorum.
549 2238 603 2271 Cf.
630 2240 738 2271 etiam
761 2239 891 2270 Krebs.
916 2238 939 2269 l.
963 2238 986 2268 l.
1011 2245 1089 2279 pag.
1114 2237 1192 2269 453.

87 2285 210 2321 136.—
224 2285 281 2319 15.
306 2280 522 2317 rivalitatis.
567 2282 754 2315 Rivalitas
785 2283 1055 2315 ciceronianum
1088 2285 1156 2314 est.
1209 2283 1312 2314 Tusc.
1342 2282 1408 2325 lv,
1438 2283 1492 2315 26.

243 2330 319 2363 Illa
348 2330 484 2362 vitiosa
516 2330 780 2371 aemulatione,
812 2336 904 2369 quae
931 2327 1117 2359 rivalitati
1146 2327 1277 2359 similis
1307 2329 1369 2360 est.
1421 2328 1494 2361 Sed

243 2377 336 2409 haec
365 2384 439 2407 vox
467 2383 573 2416 quum
603 2376 865 2416 haudquaquam
893 2377 963 2405 tam
996 2373 1065 2405 late
1094 2376 1211 2414 pateat
1242 2381 1342 2414 quam
1370 2378 1495 2406 nostra

244 2419 449 2464 Rivalita't,
487 2422 551 2452 sed
581 2421 623 2452 ad
653 2428 717 2452 eos
749 2420 847 2451 solos
877 2420 1072 2458 referatur,
1107 2420 1165 2459 qui
1196 2419 1414 2451 aemulantes
1451 2420 1496 2452 de

245 2467 369 2499 eadem
392 2467 540 2498 muliere
567 2469 627 2497 aut
651 2466 693 2497 de
718 2464 841 2497 eodem
867 2466 946 2496 viro
975 2465 1017 2495 ab
1044 2472 1125 2496 sese
1149 2463 1312 2497 adamato
1345 2472 1495 2497 concer-

245 2515 339 2552 tant,
377 2513 410 2543 h.
437 2512 458 2543 Ι.
490 2512 644 2544 fortasse
673 2512 785 2552 magis
819 2512 1018 2551 appositum
1042 2510 1110 2541 fuit
1132 2508 1408 2542 obtrectationis
1429 2518 1497 2543 vo-

246 2558 419 2591 cabulum.

89 2602 212 2637 137.-
226 2602 261 2635 ²7.
285 2602 465 2634 orationis
487 2600 690 2634 bonitatem.
737 2599 811 2633 Cic.
837 2599 934 2632 Orat.
967 2599 1028 2642 49,
1058 2598 1140 2631 164.
1189 2597 1310 2638 Quare
1339 2598 1499 2633 bonitate

245 2648 370 2688 potius
391 2647 599 2680 nostrorum
620 2645 813 2679 verborum
843 2643 992 2677 utamur
1022 2652 1132 2687 quam
1161 2645 1353 2686 splendore
1377 2644 1497 2679 Grae-

248 2701 385 2725 corum.

108 2756 148 2764 —
176 2757 214 2765 -
228 2738 286 2771 12.
309 2737 572 2770 exhilararent.
618 2737 672 2770 Cf.
696 2736 778 2768 adn.
803 2735 847 2768 ad
869 2743 949 2777 pag.
972 2735 1031 2776 56,
1051 2734 1108 2767 14.

110 2800 149 2811 -
175 2785 284 2820 -22,
308 2783 500 2816 hodiernos
522 2783 644 2815 libros.
690 2782 815 2814 Nullus
837 2782 881 2813 de
902 2781 1085 2813 veteribus
1108 2782 1339 2823 scriptoribus
1362 2783 1414 2814 sic
1437 2789 1496 2813 us·

252 2837 356 2873 quam
384 2830 548 2872 loquutus
574 2830 770 2871 reperitur:
804 2827 894 2870 apud
923 2834 1014 2869 quos
1035 2825 1247 2862 hodiernum
1277 2835 1349 2862 non
1372 2827 1499 2861 dicitur

1178 2883 1234 2922 13
