1833 3237
636 172 925 213 „65-

68 287 267 336 Historiae
310 286 560 336 cognitione:
607 298 712 324 nunc
748 288 901 333 tempus
939 290 1019 335 est,
1060 285 1248 325 iudicium
1288 298 1489 335 exercere,

67 345 221 381 virilem
261 344 460 380 doctrinae
491 345 679 380 rationem
719 342 968 391 consectari,
1012 354 1111 390 quae
1162 344 1308 382 dicitur
1347 345 1489 382 critica

67 402 187 437 ratio:
230 400 326 436 haec
365 411 439 436 non
471 401 612 447 subito,
656 402 695 435 et
724 399 841 435 unius
872 399 994 435 libelli
1034 400 1145 446 quasi
1176 401 1321 437 haustu
1352 401 1486 448 perci-

67 457 195 503 pitur:
240 456 360 492 libros
400 456 448 492 de
478 467 525 493 ea
563 456 733 502 scriptos
773 458 852 491 tum
891 455 1041 492 demum
1082 456 1286 504 intelliges
1328 460 1485 493 etcum

67 513 199 548 fructu
229 511 354 561 leges,
398 514 431 548 si
463 512 512 548 ad
542 522 624 548 eam
657 511 802 547 sensim
835 510 1068 547 adsueveris
1108 512 1321 560 diligenter
1352 514 1486 549 venti-

65 568 182 604 tando
231 567 270 603 iu
319 568 477 604 scholas
518 568 788 604 Professorum
828 566 1038 603 Historiam
1088 567 1156 603 illa
1201 569 1352 605 ratione
1402 573 1486 605 tra-

65 623 252 661 dentium.

179 680 239 715 lta
268 679 527 716 Ruhnkenius
558 682 596 714 et
625 679 752 725 hunc,
793 681 832 714 et
862 677 959 714 alios
990 688 1109 724 saepe
1139 678 1434 729 adolescentes,
1464 690 1488 715 a

65 734 168 769 falsa
204 735 421 781 sapientiae
471 735 652 782 opinione
705 738 744 771 et
783 735 945 781 puerilis
986 734 1248 771 institutionis
1290 737 1487 773 erroribus

63 790 270 837 liberavit,
301 794 418 837 atque
448 791 495 826 ad
517 801 561 826 se
584 791 711 837 ipsum
732 801 922 836 quemque
944 791 1284 845 cognoscendum,
1313 795 1488 828 rectam—

65 856 141 892 que
171 847 384 883 studiorum
417 847 520 882 viam
550 847 866 893 ingrediendam,
899 847 1105 882 convertit.

178 902 357 938 Alterum
399 912 559 948 pensum
600 905 684 937 erat
727 901 1016 947 Antiquitatum
1057 903 1331 938 Romanarum.
1405 905 1487 940 Has
1506 902 1585 939 108

62 956 156 993 item
187 958 392 993 enarrabat
422 968 444 993 e
481 957 638 993 dictatis
669 967 812 1005 magna
845 959 1108 1002 accurataque
1145 957 1352 1006 diligentia
1381 958 1487 994 scri-

63 1013 162 1061 ptis,
201 1013 344 1059 quibus
383 1014 437 1049 nil
478 1017 584 1049 esset
624 1014 687 1049 vel
726 1013 776 1048 ad
809 1013 1071 1061 cognitionem
1102 1013 1314 1049 iucundius
1343 1014 1409 1050 vel
1439 1013 1489 1049 ad

63 1078 178 1104 usum
208 1069 487 1115 praestantius,
547 1070 647 1106 Nam
679 1072 718 1104 et
748 1070 933 1105 universe
964 1069 1083 1105 totius
1113 1070 1172 1105 rei
1201 1069 1384 1115 publicae
1409 1069 1488 1106 im-

63 1124 242 1170 periique
284 1125 488 1173 ingenium
519 1129 558 1161 et
597 1135 805 1172 caussam,
839 1128 879 1161 et
919 1125 1164 1172 singularum
1203 1125 1368 1171 partium
1399 1127 1488 1161 for-

64 1189 186 1227 mam,
227 1182 392 1227 statum,
433 1180 738 1227 conversiones,
781 1181 957 1216 ordinum
996 1182 1083 1217 iura
1127 1183 1166 1217 et
1208 1181 1485 1228 conditionem,

63 1235 361 1283 magistratuum
391 1246 564 1283 munera,
595 1246 706 1282 porro
737 1236 940 1278 instituta,
980 1246 1129 1280 mores,
1170 1236 1305 1288 leges,
1346 1236 1386 1272 in
1416 1247 1486 1272 re-

63 1291 137 1327 bus
157 1291 341 1340 publicis,
361 1292 543 1343 privatis,
573 1291 814 1336 domesticis,
845 1291 1042 1336 civilibus,
1062 1291 1313 1338 militaribus,
1344 1293 1484 1339 sacris,

62 1346 253 1384 historica
282 1351 322 1384 et
350 1358 444 1384 vere
474 1349 690 1394 Polybiana
728 1347 881 1384 ratione
921 1347 1157 1394 explicabat.
1215 1348 1366 1385 Deinde
1397 1349 1486 1384 sin-

65 1403 172 1452 gulis
211 1403 311 1440 locis
353 1404 564 1441 adhibebat
611 1404 907 1452 grammaticam
945 1404 1199 1450 criticamque
1246 1404 1488 1450 interpreta-

63 1459 220 1508 tionem,
258 1462 452 1506 tamquam
493 1461 579 1497 veri
609 1462 834 1506 obrussam3
874 1470 923 1495 ne
952 1460 1010 1496 rei
1041 1461 1162 1508 vulgo
1192 1461 1380 1507 traditae,
1421 1463 1487 1496 aut

63 1515 192 1551 falsae
223 1519 290 1550 aut
315 1527 392 1552 non
416 1517 513 1553 satis
532 1521 756 1563 perceptae,
789 1517 850 1552 vel
876 1516 964 1562 ipse
990 1517 1217 1562 assentiret,
1247 1516 1314 1553 vel
1343 1527 1488 1553 assen-

35 1571 132 1613 ,tiri
162 1570 379 1617 discipulos
405 1573 568 1619 sineret,
609 1573 678 1609 sed
710 1573 757 1608 ab
788 1573 1033 1608 assentiendi
1063 1583 1132 1608 eos
1162 1573 1382 1608 temeritate
1414 1583 1487 1609 co-

65 1627 242 1674 hiberet,
271 1631 311 1663 et
340 1628 388 1663 ad
419 1629 593 1664 eamdem
622 1628 759 1664 iudicii
781 1627 1030 1664 severitatem
1061 1628 1348 1664 adsuefaceret.
1407 1630 1487 1665 At-

66 1693 141 1732 que
172 1683 308 1719 harum
327 1694 453 1720 rerum
485 1685 684 1721 materiam
707 1694 782 1720 non
808 1694 830 1719 e
860 1683 1025 1719 turbidis
1044 1684 1302 1720 recentiorum
1333 1684 1488 1731 rivulis,

65 1739 136 1774 sed
167 1749 189 1775 e
218 1739 501 1784 limpidissimis
531 1743 720 1777 Veterum
751 1739 928 1775 fontibus
960 1740 1186 1775 hauriebat:
1228 1742 1295 1775 aut
1325 1740 1360 1775 si
1390 1750 1487 1785 quos

65 1795 305 1832 recentiores
336 1795 567 1842 advocaret,
607 1806 682 1830 non
713 1805 784 1830 eos
814 1795 1035 1840 promiscue
1065 1805 1087 1830 c
1118 1795 1343 1832 Graeviano
1375 1796 1486 1832 'rhe-

64 1860 180 1886 sauro
219 1854 288 1886 aut
324 1851 518 1888 similibus
559 1851 856 1887 collectionibus
894 1851 1118 1896 promebat3
1160 1851 1230 1887 sed
1260 1861 1392 1887 eorum
1422 1852 1489 1898 qui

20 1907 22 1909 ’
66 1910 203 1951 postea
221 1907 414 1953 fuissent,
445 1911 484 1944 et
500 1908 791 1953 Antiquitatum
812 1907 920 1942 locos
939 1906 1185 1953 singulares,
1216 1907 1277 1942 vel
1302 1907 1488 1955 singula-

67 1963 177 1998 ribus
207 1963 338 2009 libris,
380 1963 441 1998 vel
471 1963 511 1998 in
542 1962 949 1998 animadversionibus
991 1962 1036 1996 ad
1077 1966 1234 1997 veteres
1265 1963 1487 2009 Scriptores

67 2019 115 2054 ab
136 2019 235 2064 ipsis
256 2019 404 2063 editoS‚
435 2018 740 2064 explicuissent,
770 2020 809 2052 et
831 2017 1120 2053 accuratissimi
1141 2018 1333 2064 cuiusque
1355 2020 1485 2055 maxi-

66 2083 128 2108 me
158 2077 197 2108 et
225 2074 413 2110 rationem
445 2074 612 2110 ducebat
642 2077 681 2110 et
707 2073 939 2108 mentionem
964 2073 1160 2122 faciebat,
1191 2084 1275 2110 cum
1307 2075 1484 2122 aliorum,
1503 2071 1582 2107 109

64 2134 148 2165 sum
179 2129 219 2165 in
250 2130 384 2175 primis
417 2131 565 2166 Dukeri
595 2134 635 2166 et
664 2129 833 2166 Ernesti.
846 2125 885 2177 *J

181 2186 355 2222 Tertium
395 2190 479 2222 erat
517 2196 699 2233 pensum,
738 2183 1011 2231 interpretatio
1041 2183 1268 2220 Latinorum
1300 2186 1484 2231 Scripto-

67 2250 165 2277 rum.
222 2242 266 2277 In
299 2252 376 2287 qua
409 2243 596 2288 quomodo
627 2245 810 2278 versatus
840 2241 912 2282 sit,
954 2239 1073 2274 facile
1104 2242 1165 2275 est
1194 2240 1241 2275 ad
1273 2242 1484 2287 suspican-

67 2295 156 2332 dum
192 2296 267 2343 iis,
317 2297 382 2342 qui
422 2298 509 2335 eius
544 2296 908 2334 animadversiones
945 2295 985 2330 in
1025 2296 1217 2331 Rutilium
1255 2297 1405 2342 Lupum
1447 2300 1486 2334 et

68 2352 263 2388 Velleium
295 2353 539 2390 Paterculum
572 2354 855 2400 cognoverunt.
914 2351 976 2386 Ne
1004 2361 1097 2386 vero
1129 2352 1216 2397 quis
1248 2355 1380 2400 putet,
1409 2354 1486 2390 ha-

67 2418 149 2444 rum
180 2408 306 2445 instar
336 2410 716 2446 animadversionum
748 2408 875 2443 fuisse
901 2407 1057 2442 scholas
1083 2407 1171 2442 illas
1202 2418 1321 2454 supra
1351 2410 1486 2455 plero-

68 2474 230 2510 rumque
272 2469 425 2511 captum
471 2466 761 2511 discipulorum.
840 2463 1011 2499 Mirifice
1051 2464 1211 2499 suerunt
1248 2467 1488 2511 temperatae

72 2523 111 2554 et
140 2521 336 2566 exquisita
367 2522 542 2558 doctrina
572 2526 610 2557 et
649 2519 953 2567 perspicuitate,
992 2522 1033 2554 ut
1062 2520 1224 2555 rudibus
1257 2521 1416 2557 novitiis
1448 2526 1489 2558 et

72 2576 238 2612 eruditis
268 2579 467 2614 veteranis
488 2589 612 2624 aeque
642 2576 863 2623 pariterque
883 2579 1017 2611 essent
1043 2576 1369 2613 accommodatae.
1425 2578 1487 2613 Ad

77 2727 107 2766 ⁸)
133 2729 334 2762 Ruhnkenii
374 2733 408 2763 in
435 2733 672 2772 Antiquitates
713 2732 860 2762 Roman.
910 2731 1099 2761 Lectiones
1132 2731 1364 2763 Academieas
1408 2741 1486 2763 cum

121 2776 352 2806 annotatione
375 2785 440 2807 sua
464 2777 572 2808 edidit
598 2776 835 2806 Eichstadius.
887 2775 959 2805 ΕΒ.

1182 2831 1209 2864 5
