1816 3233
647 235 703 242 —
759 211 957 256 233—-

140 329 347 406 iznffifleroid.
373 327 451 361 172.
475 329 511 360 in
537 328 771 368 metamorph.

0 447 3 456 ‚
58 412 62 413 ⁷
95 419 295 451 Palmarius
319 426 368 449 cm
391 419 562 458 palmaris
588 417 663 449 184.
690 417 768 449 198.

96 464 234 496 Parens
258 464 349 496 alter
366 464 441 496 195.
469 472 543 504 par.
558 463 768 495 naturamss.

96 510 186 541 Pars
209 509 352 540 dimidia
377 509 455 540 188.

94 553 344 594 Parta—ipsum
377 552 590 585 Praesentis
624 553 770 593 aliquo-

140 599 208 631 ties
237 599 332 630 male
361 599 519 638 positum
526 620 539 640 7
571 597 668 629 velut
692 598 768 630 178.

143 644 221 676 184.
246 644 328 676 201.
355 646 419 676 bis.

95 691 224 723 Parum
249 690 350 721 abest
382 691 484 730 quin,
525 696 593 719 non
626 688 770 719 multum

141 733 326 775 (paullum)
351 735 451 766 abest
477 736 557 773 quin
585 733 658 765 196.

94 781 206 813 Parvi
230 781 334 820 pretii
359 783 414 812 est
436 778 520 810 176.

97 827 234 858 Passim
257 824 340 856 202.

96 872 206 902 Pater
227 877 299 909 pro
324 872 471 910 parente
494 868 574 900 195.
598 867 676 898 207.

93 916 366 949 Patrimonium:
399 914 472 945 vid.
498 913 725 944 Luculentus.

95 961 222 992 Paucis
245 960 434 997 absolvere
456 958 536 990 200.

93 1006 257 1038 Paucitas
282 1006 456 1044 temporis
480 1012 530 1034 an
553 1011 653 1044 pauc.
681 1006 769 1035 tem-

140 1059 263 1090 porum
292 1049 367 1081 191.

94 1097 226 1128 Pectus
251 1096 409 1135 irrigare
432 1095 587 1126 fontibus
613 1093 689 1125 172.

93 1141 291 1173 Peculiaris
318 1141 394 1172 169.
421 1139 498 1171 174.
527 1138 602 1171 175.

66 1187 74 1192 ‘
90 1187 324 1218 peculiariter
346 1185 425 1216 201.

91 1232 246 1264 Pecunia
254 1231 381 1271 grandi
391 1227 552 1271 (magua)
562 1236 682 1260 emere
691 1228 769 1260 180.

92 1277 254 1308 Pendere
278 1277 322 1307 ab
347 1284 410 1307 ore
435 1276 586 1306 alicuius
612 1273 690 1306 172.

91 1322 234 1354 Penitus
258 1328 431 1353 recusare
454 1320 535 1350 207.

92 1368 162 1399 Per
185 1368 300 1398 lusum
321 1364 468 1405 (ludum)
486 1363 564 1397 201.

92 1413 297 1445 percellere
320 1411 398 1443 170.

34 1460 41 1461 ’
90 1458 278 1489 Perditus:
308 1456 381 1488 vid.
406 1455 630 1495 Deperditus.

93 1503 260 1535 Perfecto
286 1504 324 1533 et
357 1501 527 1533 concluso
552 1498 631 1530 Abl.
656 1497 768 1530 absol.

93 1593 282 1634 Pcrmagni
306 1592 498 1624 aestimare
524 1590 600 1621 176.

90 1638 318 1670 Persuadere
343 1645 413 1678 seq.
438 1634 612 1677 Infinitiv.
640 1634 715 1666 189.

91 1684 238 1716 Pictura
262 1684 409 1715 linearis
434 1682 511 1712 173.
535 1681 613 1711 202.

91 1730 237 1770 Plagula
277 1729 354 1760 198.
396 1727 557 1768 plagulae
594 1729 766 1767 typogra-

137 1776 260 1814 phicae
284 1772 361 1804 184.

90 1819 171 1851 Pla
182 1823 225 1851 to
250 1821 285 1850 in
298 1819 453 1857 Charm.‚
468 1816 637 1857 Euthyd.‚
651 1815 768 1846 Phae-

137 1865 217 1896 don.
243 1867 279 1896 et
301 1864 451 1894 phaedr.
481 1861 557 1893 197.
715 1872 720 1875 -

90 1909 280 1942 Plautus
310 1911 345 1940 in
381 1908 454 1939 Mil.
480 1907 579 1938 Glor.
611 1903 690 1936 184.
731 1904 767 1935 in

137 1955 240 1986 Pers.
265 1953 343 1984 189.

90 2000 359 2037 plerorumque,
378 1998 636 2037 plerarumque,
657 1993 768 2025 Geni-

135 2045 200 2076 tiv.
222 2043 389 2075 inusitat-
415 2043 490 2073 188.
520 2042 595 2073 192.

88 2090 277 2122 Plinius
300 2090 336 2120 in
364 2088 454 2118 Hist.
480 2087 558 2118 Nat.
587 2085 662 2118 170.
689 2084 766 2115 175.

135 2133 215 2165 179.
242 2131 318 2165 188.
345 2133 420 2164 196.
447 2131 524 2163 204.
551 2132 630 2163 206.

88 2180 263 2212 Plinius
287 2179 370 2209 min.
396 2179 433 2209 in
447 2177 576 2217 Paneg.
595 2177 670 2207 199.
687 2173 764 2205 200.

88 2225 215 2263 Pluris,
238 2223 378 2264 plurimi
402 2224 593 2254 aestimare
621 2222 697 2253 176.

88 2266 494 2310 Plusquamperfectum
514 2268 674 2306 positum
705 2262 766 2294 ubi

138 2312 297 2354 Perfect.
321 2313 532 2354 requiritur
558 2314 636 2343 198.
662 2313 741 2347 208,

91 2360 370 2391 Plutarchus
395 2361 430 2390 in
454 2358 626 2389 Marcello
652 2356 729 2391 197.

89 2405 280 2436 Poetaster
302 2403 382 2435 204.

89 2449 238 2481 Poetilla
263 2448 342 2480 204.

90 2495 205 2526 Porro
230 2493 307 2525 181.
332 2491 411 2523 182.
447 2499 521 2531 pro
546 2495 701 2533 posthac,
728 2497 763 2526 in

136 2541 319 2579 posterum
359 2536 435 2569 180.
493 2546 601 2577 porro
640 2541 764 2579 (ultra)

136 2583 280 2616 differre
315 2583 409 2622 aliqd
449 2584 525 2615 180.
562 2593 671 2624 porro
708 2589 764 2616 vi-

137 2629 282 2661 deamus
309 2629 389 2660 173.

89 2674 221 2706 Postea
242 2681 314 2713 pro
338 2675 420 2714 post
432 2673 472 2705 in
487 2671 597 2714 form.
622 2675 765 2706 biennio

134 2721 268 2760 postea
286 2717 324 2750 ‘et
347 2718 454 2750 simil.
484 2719 556 2750 171.
584 2719 658 2751 175,
686 2720 763 2751 181.

89 2808 223 2842 Postea.
246 2817 350 2852 quum
373 2808 407 2842 et
430 2812 658 2852 posteaquam
680 2809 762 2843 203.

837 328 1071 368 Posteaquam
1117 326 1153 358 et
1197 326 1381 367 postquam
1431 324 1510 357 175.

886 381 968 404 cum
985 372 1219 404 Coniunctivo
1234 371 1311 402 203.
1335 369 1397 402 ubi
1421 377 1510 401 con-

882 419 1053 449 struatur
1095 425 1177 449 eum
1214 414 1511 458 Plusquamperf.

888 465 963 496 175.

837 510 1014 541 Postridie
1042 508 1117 540 197.

838 556 1004 587 Potestas
1034 562 1106 594 pro
1138 552 1398 595 significatione
1429 551 1510 584 173.

838 646 1026 677 potissime
1052 642 1306 685 (potissimum)
1330 642 1408 674 190.

838 693 928 722 Prae
952 692 1084 721 ceteris
1111 690 1188 720 177.
1228 698 1312 729 prae
1343 697 1384 721 se
1416 689 1511 721 ferre

883 737 1038 774 speciem
1061 736 1205 766 virtutis
1229 734 1308 766 204.

839 782 1017 812 Praebere
1041 782 1197 818 speciem
1223 781 1363 812 virtutis
1388 779 1466 810 204.

840 827 1053 865 Praecipuus
1077 824 1156 856 175.

839 872 1004 902 Praecise
1028 878 1175 911 negare,
1201 877 1369 903 recusare
1393 869 1475 902 207.

839 917 1072 948 Praefectura
1103 915 1177 947 179.

839 961 1083 992 Praeiudicata
1109 962 1228 1000 opinio
1252 957 1330 990 173.

838 1007 1090 1041 Praeiudicium
1116 1005 1197 1037 173.

838 1052 1104 1082 Praelectiones
1132 1051 1207 1081 182.

838 1097 1053 1135 praelegere
1078 1095 1156 1127 186.
1183 1094 1263 1126 187.

840 1143 1106 1181 praeoccupata
1132 1142 1249 1180 opinio
1276 1139 1351 1171 173.

837 1187 1075 1226 praeparatus
1101 1184 1278 1224 (paratus)
1307 1185 1380 1215 175.

837 1231 1070 1271 Prcteposz'tio
1100 1232 1235 1262 nomini
1265 1231 1361 1271 quod
1391 1228 1436 1261 ab
1469 1237 1512 1262 ecc

882 1278 1026 1318 regitur
1047 1276 1253 1317 postposita
1278 1275 1353 1306 196.

837 1322 1017 1354 Praesens
1048 1322 1109 1353 ubi
1134 1319 1284 1361 Imperf.
1308 1320 1512 1352 necessari-

881 1376 943 1399 um
978 1368 1030 1399 est
1072 1367 1149 1398 203.
1194 1367 1275 1398 204.
1325 1368 1387 1398 bis.
1434 1366 1510 1397 191.

882 1413 1092 1445 Praesentis
1108 1412 1290 1451 Particz'p.
1313 1419 1513 1451 perperam

881 1460 1040 1498 positum
1068 1458 1142 1489 178.
1168 1457 1246 1489 18-1.
1271 1457 1350 1488 201.
1378 1459 1441 1488 bis.

836 1505 1014 1536 Praesens
1039 1508 1282 1543 argumentum
1308 1502 1385 1533 170.
1425 1502 1513 1543 (Sic

881 1558 969 1580 sane
1007 1549 1108 1588 apud
1143 1547 1428 1586 Quinctilianum
1457 1548 1511 1579 le-

880 1595 985 1635 yttur
1016 1595 1227 1636 aliquoties,
1263 1593 1361 1624 velut
1392 1593 1452 1634 lv,
1477 1594 1510 1634 1,

882 1641 938 1671 45.
974 1641 1017 1678 V,
1042 1639 1097 1674 11,
1121 1638 1175 1671 31.
1214 1638 1294 1679 Vll,
1319 1639 1352 1679 2,
1377 1639 1433 1670 29.
1467 1638 1512 1677 Χ,

880 1686 913 1722 1,
941 1685 995 1716 67.
1036 1685 1105 1724 ΧΙ,
1131 1684 1169 1723 1,
1195 1683 1268 1723 63.)
1304 1683 1404 1715 locus
1431 1685 1512 1716 174.

881 1731 970 1761 liber
994 1730 1074 1762 200.
1101 1738 1160 1761 res
1189 1729 1265 1760 182.
1291 1730 1409 1769 inopia
1434 1729 1510 1760 175.

881 1779 1092 1815 praesentes
1133 1774 1177 1806 de
1207 1773 1255 1804 iis
1290 1775 1347 1814 qui
1384 1774 1512 1806 adsunt

882 1820 961 1852 206.
986 1819 1064 1851 183.

836 1866 1051 1897 Praesertim
1077 1864 1153 1896 186.
1192 1872 1266 1895 non
1288 1864 1341 1895 est
1369 1866 1510 1903 praeci-

881 1920 948 1950 pue
973 1910 1052 1942 180.
1078 1908 1126 1950 cf.
1151 1909 1228 1942 169.
1264 1912 1320 1951 qui
1344 1917 1511 1949 praeser-

885 1958 947 1988 tim
974 1955 1051 1986 180.
1077 1963 1155 1987 cum
1179 1970 1221 1977 —-
1247 1956 1319 1986 tum
1342 1962 1510 1995 praeser-

883 2003 944 2031 tim
969 1999 1046 2031 169.

837 2045 987 2076 praeses
1012 2044 1089 2076 195.

836 2091 989 2122 Praeter
1013 2093 1175 2122 caeteros
1201 2089 1278 2121 177.
1303 2098 1417 2122 annus
1437 2093 1510 2131 pri-

882 2145 958 2166 mus
1006 2140 1150 2176 praeter
1198 2136 1509 2177 quadragesimum
1555 2165 1566 2170 ,

834 2226 942 2257 Pretii
972 2226 1073 2265 parvi
1099 2227 1153 2257 est
1176 2224 1254 2256 176.
1294 2227 1401 2265 pretii
1430 2233 1508 2258 ma-

880 2273 966 2302 ioris
992 2273 1183 2302 aestimare
1207 2269 1295 2301 ibid.
1512 2297 1515 2303 s

834 2316 989 2347 Primum
1027 2319 1086 2354 ut,
1125 2318 1271 2356 primum
1309 2316 1398 2355 quod
1430 2315 1507 2348 174.

878 2363 991 2401 primo
1017 2363 1139 2393 obtutu
1163 2361 1242 2393 202.
1276 2361 1357 2392 204.
1392 2364 1508 2401 primo

877 2407 911 2437 et
935 2408 1081 2446 primum
1099 2406 1178 2437 186.
1203 2408 1301 2445 prius
1326 2407 1410 2438 olim
1430 2407 1506 2438 188.

833 2450 905 2482 Pro
931 2456 1033 2490 captu
1053 2451 1128 2483 178.
1157 2462 1186 2492 p.
1206 2452 1315 2485 lubitu
1341 2460 1382 2483 ac
1401 2455 1508 2490 gustu

878 2505 944 2528 suo
969 2496 1046 2527 202.
1086 2505 1150 2537 pro
1184 2498 1316 2529 scholis
1349 2498 1506 2530 honora-

878 2544 971 2573 rium
996 2542 1076 2573 205.
1115 2542 1191 2573 Vid.
1217 2544 1339 2580 Quam.

832 2586 989 2618 Probus:
1025 2587 1098 2618 vid.
1124 2588 1370 2619 Adulterinus.

832 2631 1044 2663 Procinctus
1069 2632 1145 2663 206.
1173 2635 1208 2664 in
1232 2634 1418 2672 procinctu
1442 2634 1508 2665 ab-

878 2678 980 2708 eundi
1007 2677 1088 2708 205.

829 2721 990 2754 Prodere
1018 2722 1129 2763 libris,
1153 2723 1306 2756 inlibris
1330 2723 1408 2755 187.
1426 2722 1505 2755 202.

828 2767 996 2799 Prodire:
1019 2767 1107 2799 liber
1131 2769 1262 2808 prodiit
1286 2769 1505 2811 Goettingae

879 2811 1097 2856 (Goettinga)
1124 2813 1204 2846 199.
