1833 3237
657 151 935 193 „792-

107 267 470 307 animadversiones
500 277 607 311 suas,
637 275 734 313 quas
753 265 921 314 scriptas
947 266 986 303 in
1008 266 1298 304 commentariis
1323 266 1521 311 servabat,

108 330 176 362 aut
204 325 279 361 sibi
311 326 434 370 daret,
465 327 533 359 aut
561 323 825 360 bibliothecae
855 324 1218 370 Lugdunobatavae
1247 324 1417 371 legaret,
1454 326 1523 358 aut

109 385 216 418 certe
245 381 386 427 quovis
416 380 526 416 modo
556 382 716 415 caveret
748 389 794 414 ne
823 378 1116 415 interciderent.
1175 381 1229 416 At
1260 379 1524 415 Hemsterhu-

107 438 191 473 sius
221 437 337 473 etiam
369 440 448 472 tum
480 446 593 481 quum
625 435 754 470 adhuc
786 435 960 482 vigebat,
1001 446 1075 480 quo
1108 436 1232 482 magis
1264 438 1392 470 aetate
1423 444 1522 480 pro-

107 492 377 541 grediebatur,
420 502 464 528 eo
495 491 570 526 sibi
601 490 728 526 minus
768 491 806 526 in
837 490 984 526 biteris
1020 491 1270 536 inventisque
1310 492 1397 536 ipse
1436 490 1520 526 suis

106 549 399 584 satisfaciebat:
430 551 481 594 et,
511 546 603 582 licet
623 546 796 592 quotidie
813 546 852 581 in
871 546 1060 592 Antiquis
1083 547 1347 591 scriptoribus
1376 547 1524 592 legen-

107 604 169 639 dis
198 607 435 649 versaretur,
476 603 760 647 multorumque
799 605 837 637 et
876 602 1165 641 emendationes
1207 606 1244 637 et
1284 602 1525 648 explicatio-

108 670 178 695 nes
219 660 387 696 locorum
429 659 612 694 continuo
637 658 818 703 ‘parer-et,
858 662 1067 704 partasque
1107 660 1308 694 annotaret
1339 658 1523 694 scriben-

107 716 170 762 do,
206 719 333 751 tamen
373 715 535 750 inventa
574 724 646 749 sua
687 724 760 749 non
801 714 921 761 digna
963 725 1131 750 censens
1174 724 1273 760 quae
1313 714 1352 749 in
1392 714 1524 749 lucem·

107 771 395 817 proferrentur,
441 771 481 806 in
520 769 807 805 commentariis
844 780 889 805 ea
929 771 1148 817 premebat,
1210 781 1282 805 nec
1322 771 1404 806 fere
1443 770 1519 805 nisi
1534 770 1619 807 132

108 828 292 863 diuturno
315 826 493 862 convicio
513 826 756 873 efflagitatus
770 822 808 871 *J
832 836 917 861 cum
945 826 1034 861 aliis
1057 827 1379 862 communicabat.
1437 827 1527 862 At-

108 893 183 928 que
213 883 290 918 tale
321 883 447 917 fuisse
478 880 765 916 Hemsterhusii
805 880 881 915 iam
920 881 1012 917 inde
1042 893 1064 916 a
1089 882 1210 917 multo
1242 886 1414 927 tempore
1446 892 1526 917 ne-

106 938 271 985 gotium,
296 937 498 973 duodecim
529 940 618 972 ante
648 936 756 971 illius
787 940 944 972 mortem
977 937 1085 972 annis
1117 937 1356 984 significavit
1376 938 1525 973 Ruhn-

108 993 248 1029 kenius
285 993 326 1028 in
363 992 608 1038 praefatione
647 992 694 1027 ad
734 991 946 1029 Timaeum.
1028 995 1114 1029 Huc
1153 993 1382 1036 accedebat,
1420 993 1521 1037 quod

109 1050 237 1085 nullos
267 1049 430 1084 haberet
460 1051 588 1084 certos
625 1048 937 1085 adversariorum
970 1049 1104 1093 libros,
1144 1049 1270 1084 omnia
1300 1049 1524 1096 singulari-

108 1106 182 1141 bus
221 1105 260 1140 in
300 1104 477 1150 scidulis,
523 1104 644 1139 veluti
684 1104 863 1148 Sibyllae
903 1104 1024 1150 soliis,
1066 1108 1238 1140 notaret:
1297 1115 1394 1150 quas
1433 1105 1520 1149 ipse

109 1161 252 1204 senior,
297 1160 372 1196 nisi
413 1160 574 1195 multum
620 1170 824 1204 quaerens,
871 1161 1043 1206 reperire
1083 1170 1158 1196 non
1197 1164 1341 1206 posset.
1413 1160 1521 1202 Quae

109 1215 286 1251 scidulae
325 1226 438 1260 quum
470 1215 568 1250 *vivo
599 1216 896 1250 Hemsterhusio
937 1217 998 1251 vel
1037 1217 1258 1261 extorqueri
1288 1216 1338 1262 ei,
1379 1216 1521 1251 vel‘ab

108 1271 200 1307 aliis
231 1271 408 1317 quamvis
439 1270 564 1306 doctis
596 1267 816 1306 hominibus
847 1271 1082 1319 investigari
1113 1271 1336 1317 nequirent3
1380 1271 1523 1307 Ruhn-

110 1328 251 1364 kenius
282 1327 361 1363 filio
384 1327 493 1363 illius
523 1330 562 1362 et
594 1327 741 1369 heredi,
772 1327 1000 1374 Francisco‚
1033 1328 1241 1373 persuasit,
1272 1331 1315 1363 ut
1337 1327 1423 1373 ipse
1453 1338 1522 1373 pa-

107 1384 180 1420 tris
212 1384 509 1419 commentarios
540 1386 578 1418 et
608 1382 835 1418 adversaria
866 1386 1098 1420 testamento
1129 1384 1389 1419 bibliothecae
1407 1385 1523 1431 Lug-

109 1440 381 1476 dunobatavae
419 1439 585 1486 legaret,
621 1439 784 1484 eiusque
824 1439 1006 1485 promissi
1043 1440 1154 1476 fidem
1196 1440 1234 1475 in
1267 1440 1410 1488 Elogio
1450 1450 1524 1486 pa-

109 1496 181 1532 tris
194 1493 254 1542 **]
276 1496 433 1541 publice
452 1496 656 1532 testificari
680 1506 724 1530 se
746 1495 905 1532 sineret.
963 1496 1023 1532 Ibi
1053 1497 1153 1532 enim
1178 1496 1244 1531 hic
1266 1496 1389 1542 locus,
1412 1495 1524 1541 quasi

110 1543 325 1587 testimonii
353 1552 601 1596 auctoritate,
638 1551 687 1586 ad
726 1562 964 1587 communem
1005 1553 1172 1588 omnium
1213 1552 1388 1587 notitiam
1428 1562 1523 1597 pro-

111 1608 216 1643 ditus
235 1611 308 1644 est.
369 1608 426 1643 At
448 1608 670 1643 Ruhnkenii
691 1617 798 1652 spem
822 1607 1068 1652 laboremque
1089 1618 1303 1643 successus
1329 1608 1522 1644 destituit.

111 1664 209 1700 Nam
242 1664 303 1699 vel
334 1663 453 1699 filium
476 1662 747 1710 Franciscum,
778 1663 844 1707 qui
876 1663 971 1699 obiit
994 1673 1094 1698 anno
1126 1664 1161 1698 11.
1191 1675 1220 1700 S.
1253 1665 1523 1710 nonagesimo,

111 1729 215 1755 mors
246 1719 455 1765 occupavit
483 1722 687 1763 antequam
720 1718 767 1754 de
787 1719 976 1763 promisso
1007 1719 1214 1754 efficiendo
1240 1719 1428 1769 cavisset,
1457 1719 1522 1754 vel

111 1775 233 1820 patris
263 1775 331 1810 illa
361 1774 586 1809 adversaria
622 1774 932 1809 interciderunt:
971 1775 1136 1810 heredes
1175 1777 1282 1810 certe
1324 1775 1377 1810 nil
1409 1775 1521 1810 eius-

111 1831 213 1867 modi
255 1829 501 1878 invenerun‘t,
543 1829 642 1875 quod
692 1840 741 1865 ex
781 1832 1012 1865 testamento
1060 1830 1215 1866 tradere
1265 1831 1524 1866 bibliothecae

112 1886 472 1934 Lugdunobatavae
511 1886 709 1922 deberent.
775 1886 833 1921 lta
871 1896 1012 1933 magno
1064 1890 1101 1922 et
1142 1891 1274 1922 nostro
1313 1887 1447 1922 dolore
1486 1890 1524 1922 et

110 1943 331 1980 {literarum
360 1942 515 1989 damno,
553 1941 622 1976 ille
653 1942 875 1987 thesaurus,
914 1942 1012 1987 quod
1053 1942 1259 1987 proverbio
1287 1943 1443 1989 dicitur,
1483 1942 1524 1979 in

111 1998 266 2035 eineres
296 1999 402 2033 abiit.

195 2052 493 2090 Hemsterhusio
521 2052 559 2087 in
579 2051 796 2087 Literarum
823 2053 1056 2089 Graecarum
1087 2056 1124 2089 et
1146 2054 1345 2091 Historiae
1370 2054 1525 2092 Patriae
1539 2059 1618 2095 133

111 2109 297 2145 cathedra
313 2108 509 2145 successit
526 2108 964 2156 LudovicusCasparus
982 2110 1280 2156 Valckenarius,
1296 2111 1357 2147 vir
1372 2112 1410 2147 in
1428 2122 1526 2157 pau-

112 2165 171 2200 cis
202 2175 387 2213 magnus,
433 2165 579 2212 dignus
611 2168 718 2199 tanto
748 2168 786 2200 et
817 2165 1026 2201 decessore
1057 2176 1284 2211 successor,
1325 2171 1364 2202 et
1393 2167 1525 2214 magi-

112 2223 192 2256 stro
223 2221 457 2267 discipulus,
517 2220 579 2256 Ac
608 2220 643 2255 si
673 2220 773 2266 quod
807 2220 880 2255 suit
910 2223 1086 2267 tempus,
1118 2232 1192 2270 quo
1223 2233 1379 2258 auream
1410 2224 1526 2259 Lite-

112 2287 242 2312 rarum
273 2280 439 2313 aetatem
470 2287 632 2312 censere
662 2278 794 2322 posset
824 2276 1038 2311 Academia
1070 2278 1420 2325 Lugdunobatava,
1451 2279 1526 2315 hoc

112 2334 289 2380 profecto
319 2334 420 2385 fuit,
464 2343 539 2379 quo
571 2333 761 2379 collegam
794 2332 929 2367 habuit
960 2336 998 2367 et
1028 2335 1348 2370 Hemsterhusius
1380 2335 1525 2371 Ruhn-

111 2389 294 2439 kenium,
323 2392 362 2425 et
392 2388 651 2426 Ruhnkenius
684 2387 1014 2424 Valckenarium:
1044 2389 1114 2425 sed
1145 2391 1273 2438 magis
1304 2391 1420 2427 etiam
1450 2401 1527 2437 po-

115 2540 146 2579 'J
170 2543 429 2582 Quinctilianus
461 2543 498 2573 iu
532 2544 634 2583 epist.
665 2542 707 2573 ad
742 2542 874 2582 Tryph.
912 2542 945 2580 S.
978 2541 1010 2573 1.
1060 2544 1291 2585 Efflayz'tasti
1325 2547 1527 2579 cottidiano

160 2590 339 2630 convicio,
370 2590 412 2620 ut
435 2587 552 2619 libros
581 2605 618 2610 --
644 2589 717 2618 iam
742 2589 904 2618 emittere
928 2588 1134 2628 inciperem.
1182 2591 1255 2622 FR.

119 2654 290 2695 ‘JElog.
314 2656 573 2687 Hemsterhusii
599 2663 630 2693 p.
656 2656 711 2685 68.
761 2656 812 2692 [V
817 2655 863 2685 ol.
891 2655 916 2685 1.
957 2663 1034 2694 pag.
1059 2655 1142 2687 260
1165 2665 1216 2696 sq.
1243 2658 1298 2689 ed.
1323 2659 1387 2695 m.]
1435 2659 1527 2690 Cae-

164 2701 292 2740 terum,
326 2709 415 2740 quae
440 2702 496 2731 hic
519 2701 660 2739 scripsi,
693 2699 907 2738 corrigenda
932 2704 1014 2730 sunt
1038 2701 1253 2741 aliquantum
1277 2711 1322 2735 ex
1344 2705 1401 2745 iis,
1437 2711 1526 2744 quae

162 2746 286 2783 postea
307 2745 344 2775 in
368 2746 436 2777 hoc
460 2746 554 2777 libro
580 2744 719 2785 prodidi
743 2754 776 2784 p.
802 2744 881 2775 204.
