1833 3237
656 230 934 272 ..ὅθ-ἣ

91 338 266 398 quorum‘
287 347 455 384 omnium
496 346 720 394 populorum
765 346 881 382 rebus
913 355 987 381 non
1021 345 1111 381 item
1142 354 1237 380 suos
1267 344 1408 390 cuique
1437 343 1503 380 lo·

93 417 162 444 eos
199 415 388 451 suamque
429 407 468 440 et
498 403 689 450 propriam
721 401 921 438 historiam
963 401 1047 447 dat,
1087 401 1157 436 sed
1199 411 1266 436 eas
1308 410 1381 436 non
1423 400 1501 435 nisi

93 463 219 499 obiter
257 472 304 497 ac
333 460 502 504 subinde
538 458 719 506 attingit:
755 457 922 493 maxime
960 467 1024 492 res
1066 457 1372 492 Ecclesiasticas
1403 467 1504 492 con-

92 521 287 563 sectatur,
331 528 378 552 ac
415 525 536 561 saepe
582 514 740 550 aniliter
784 514 946 560 ineptit,
992 513 1274 558 superstitione
1320 512 1504 548 iudicium
1522 514 1576 551 96

93 574 395 621 praepediente,
434 575 475 607 ut
512 571 551 606 in
582 570 689 606 illius
720 569 862 605 aetatis
893 568 1128 616 'l'heologo‚
1173 572 1211 604 et
1243 568 1438 614 pontificio
1468 570 1507 603 et

92 631 255 667 lesuita.
316 629 442 665 Huius
472 626 634 662 rationis
656 636 810 662 errores
829 625 1033 673 corrigens
1055 625 1314 660 Ruhnkenius
1344 624 1385 659 id
1404 633 1507 672 age·
1564 653 1568 656 .

94 688 171 733 bat,
201 689 244 721 ut
276 684 502 731 Historiam,
534 682 632 728 quod
665 682 817 718 nomine
849 682 1060 726 profitetur,
1102 690 1143 715 rc
1173 680 1258 726 ipsa
1285 680 1508 716 Universa-

93 742 169 777 lem
200 741 402 789 redderet,
445 750 493 775 ex
532 738 621 774 istis
651 738 850 785 angustiis
882 737 1088 783 educeret,
1117 736 1278 781 ineptiis
1309 739 1508 784 purgaret,

94 798 311 843 principum
352 795 516 842 imperio
555 794 811 839 doctrinaque
862 793 1089 839 populorum
1128 793 1246 828 rebus
1286 792 1508 839 locupleta-

93 857 174 899 ret,
214 863 376 888 caussas
407 850 726 895 conversionum,
758 849 976 885 Literarum
1009 858 1265 896 progressus,
1311 847 1507 883 hominum

93 919 221 945 mores
253 910 422 943 notaret:
460 905 628 941 subinde
666 905 823 940 testium
862 905 977 940 fidem
1007 907 1207 950 censeret,
1251 904 1334 940 veri
1375 903 1509 939 disce-

93 963 295 1012 ptatricem
318 962 499 1000 Criticam
525 961 742 1008 adhiberet,
773 960 931 1008 singula
952 963 1042 1006 apte
1073 961 1259 1005 necteret,
1285 962 1324 994 et
1351 970 1373 993 a
1395 959 1510 1005 prin-

93 1020 197 1067 cipio
228 1019 275 1055 ad
305 1018 508 1055 saeculum
539 1017 730 1053 decimum
771 1018 946 1062 quintum
978 1016 1214 1061 deduceret3
1253 1015 1308 1050 ita
1339 1015 1509 1060 quidem,

95 1081 138 1112 ut
168 1086 242 1112 nec
272 1075 436 1111 rationis
466 1073 694 1121 diligentia,
737 1084 809 1108 nec
840 1083 967 1108 rerum
999 1072 1176 1116 delectu,
1218 1081 1289 1106 nec
1321 1070 1510 1106 orationis

96 1132 321 1180 elegantia,
372 1130 579 1176 quidquam
626 1129 672 1164 ad
714 1128 911 1164 Historiae
956 1128 1240 1163 institutionem
1292 1126 1510 1162 desiderari

96 1190 243 1235 posset.
309 1188 361 1223 Et
400 1187 575 1232 profecto
615 1185 668 1219 nil
709 1185 786 1219 nisi
825 1185 1031 1232 egregium
1073 1183 1229 1229 prodire
1270 1185 1422 1228 poterat
1462 1182 1510 1217 ab

95 1244 183 1280 eius
213 1242 289 1278 viri
329 1242 460 1277 studio
499 1244 537 1276 et
576 1240 810 1286 scriptione,
850 1241 916 1286 qui
955 1241 1078 1275 omnis
1126 1238 1327 1275 Historiae
1363 1247 1512 1286 genera

93 1301 419 1344 monumentaque
449 1299 706 1344 pertractata,
743 1295 875 1332 stilum
914 1295 962 1330 ad
994 1295 1196 1343 egregiam
1228 1294 1415 1330 orationis
1446 1295 1513 1329 fa-

96 1356 283 1392 cultatem
311 1354 589 1400 exercitatum,
628 1353 833 1401 ingenium
871 1362 1108 1397 sensumque
1149 1351 1378 1396 optimorum
1409 1360 1513 1396 quo-

96 1422 258 1458 rumque
300 1414 477 1447 veterum
516 1409 804 1446 Historicorum
856 1408 1081 1455 quotidiana
1127 1407 1297 1443 lectione
1338 1410 1377 1442 et
1413 1417 1513 1443 eon-

98 1468 307 1504 suetudine
346 1466 478 1503 tritum
518 1477 565 1501 ac
605 1466 835 1511 formatum,
876 1465 1050 1502 haberet.
1110 1465 1224 1499 Hanc
1260 1463 1513 1509 scriptionem

97 1523 220 1561 veluti
249 1523 402 1559 dictans
433 1522 686 1569 praelegebat
725 1522 764 1557 in
796 1522 951 1568 schola,
990 1521 1047 1556 ita
1087 1523 1129 1556 ut
1168 1521 1394 1565 frequenter
1433 1519 1514 1555 ali-

98 1579 190 1626 quid
221 1579 270 1614 ad
308 1589 388 1615 rem
429 1581 673 1624 praesentem
714 1578 1045 1614 accommodatum
1083 1576 1213 1612 subito
1253 1586 1300 1611 ac
1328 1575 1515 1611 memori-

98 1639 159 1672 ter
189 1635 362 1671 adderet.
432 1636 565 1680 Atque
602 1634 737 1669 harum
778 1633 939 1668 utilitati
979 1643 1027 1668 ac
1064 1631 1252 1667 suavitati
1292 1631 1513 1668 scholarum

99 1692 244 1728 indicio
275 1691 392 1727 etiam
426 1690 500 1726 fuit
531 1700 662 1726 earum
694 1690 927 1735 frequentia,
959 1698 1033 1724 non
1055 1688 1209 1734 quidem
1240 1687 1308 1723 illa
1333 1687 1513 1733 maxima,

99 1748 170 1785 sed
217 1747 341 1783 maior
381 1750 509 1782 tamen
560 1756 671 1791 quam
711 1747 759 1780 ab
799 1745 907 1781 illius
945 1745 1096 1781 saeculi
1138 1743 1397 1790 perversitate
1437 1753 1513 1779 ex·
1531 1749 1585 1786 97

97 1803 269 1851 spectari
298 1805 467 1848 poterat.
523 1802 681 1838 Recens
712 1805 806 1836 tunc
834 1801 937 1836 inter
957 1800 1136 1836 homines
1158 1793 1311 1835 nostros
1330 1798 1516 1834 invalue-

98 1864 159 1896 rat
188 1869 310 1905 error,
342 1857 556 1895 Historiam
587 1857 699 1893 libris
740 1857 922 1904 legendis
952 1856 1101 1892 rectius
1131 1855 1254 1903 disci,
1294 1865 1408 1901 quam
1439 1865 1516 1890 au-

98 1915 256 1952 diundis
293 1916 562 1951 professorum
602 1913 762 1949 scholis.
831 1910 1204 1958 Hemsterhusius*]
1245 1911 1388 1948 solitus
1432 1914 1518 1947 erat

100 1971 311 2009 Historiam
350 1970 410 2007 rei
449 1969 631 2016 publicae
674 1970 846 2004 Batavae
887 1978 1072 2004 enarrare
1120 1971 1227 2004 tanta
1275 1967 1518 2004 audientium

98 2027 347 2064 multitudine
377 2029 415 2061 et
445 2024 736 2071 approbatione,
767 2028 810 2060 ut
839 2024 905 2059 illa
937 2034 1010 2060 non
1042 2024 1166 2061 solum
1196 2023 1416 2070 Historiae,
1448 2024 1519 2065 sed

101 2086 140 2120 et
167 2082 399 2130 prudentiae
429 2080 580 2126 civilis,
618 2080 812 2116 institutio
845 2081 1068 2116 haberetur:
1111 2083 1172 2125 at,
1201 2080 1438 2128 Wagenarii
1471 2081 1518 2119 do

103 2139 278 2175 Historia
308 2137 466 2174 Patriae
497 2146 616 2182 opere
646 2136 772 2182 edito,
811 2137 996 2182 paulatim
1028 2136 1300 2172 deficientibus
1337 2136 1519 2182 discipu-

102 2195 225 2232 lorum
257 2193 304 2229 ad
337 2193 569 2230 audiendum
600 2192 637 2228 id
670 2192 783 2237 quod,
814 2196 856 2228 ut
887 2193 1040 2238 quidem
1070 2193 1281 2241 putabant,
1320 2192 1394 2227 iam
1427 2191 1518 2230 edi..

101 2253 181 2286 tum
211 2250 349 2297 legere
387 2252 571 2295 possent,
611 2248 776 2298 studiis,
806 2248 899 2283 illae
931 2247 1221 2283 Hemsterhusii
1250 2247 1411 2284 scholae
1441 2258 1518 2283 va·-

104 2316 201 2342 cuae
230 2306 560 2351 relinquebantur,
619 2306 739 2341 Error
769 2304 887 2338 latius
907 2304 1087 2349 serpebat
1119 2303 1164 2338 ad
1186 2303 1394 2340 Historiae
1414 2304 1517 2341 Uni·

105 2362 270 2398 versalis
300 2361 600 2405 institutionem,
631 2360 808 2404 aliasque
828 2359 875 2394 ad
897 2359 1146 2395 Academias.
1208 2360 1319 2397 Unus
1342 2361 1520 2396 Wesse..

103 2417 278 2465 lingius,
320 2417 385 2463 qui
417 2416 513 2453 obiit
544 2415 781 2451 Ruhnkerrio
820 2425 959 2452 recens
993 2417 1243 2462 professore,
1284 2426 1384 2451 anno
1416 2417 1452 2454 h.
1483 2427 1517 2452 s,

103 2473 352 2521 sexagesimo
392 2477 430 2508 et
460 2474 618 2518 quarm,
662 2471 835 2507 Traiecti
873 2482 916 2507 se
954 2472 1002 2507 ad
1035 2471 1138 2507 vitae
1168 2473 1283 2507 finem
1314 2482 1440 2518 usque
1478 2472 1518 2511 in

104 2532 238 2565 vetere
283 2529 411 2565 laudis
460 2527 712 2574 possessione
764 2530 914 2563 tutatus
953 2531 1034 2564 est:
1079 2527 1259 2564 tradebat
1305 2528 1518 2564 Historiam

105 2584 379 2621 Universalem
418 2594 505 2619 cum
546 2583 764 2618 auditorum
796 2583 1016 2620 incredibili
1055 2583 1208 2627 studio,
1248 2583 1519 2629 admiratione,

104 2641 346 2685 frequentia:
385 2640 607 2676 memoriter
647 2639 775 2674 omnia
814 2640 1018 2686 narrabat,
1062 2639 1227 2675 subinde
1263 2650 1332 2685 per
1362 2640 1520 2676 audito-

105 2695 204 2731 rium
234 2696 455 2742 ambulans,
488 2696 541 2731 nil
571 2695 611 2731 in
641 2696 819 2731 manibus
851 2695 999 2731 habens
1031 2695 1108 2731 nisi
1140 2705 1299 2742 parvam
1329 2696 1520 2733 scidulam

101 2815 130 2855 ’)
156 2815 234 2847 vid.
250 2815 481 2848 Ruhnkenius
502 2818 537 2847 in
557 2817 685 2857 Elegio
702 2817 798 2848 illius
816 2826 847 2857 p.
865 2817 919 2848 77.
942 2814 1038 2857 (Vol.
1059 2817 1083 2848 1.
1105 2824 1184 2857 pag.
1199 2817 1276 2848 268.
1301 2817 1354 2846 ed.
1373 2824 1415 2846 tn.
1430 2815 1522 2852 ΕΒ.)
