1833 3237
667 238 952 278 ..53-

111 351 290 396 ubertas,
320 354 452 385 tantus
482 353 529 385 ad
561 351 846 387 excurrendum
878 362 1061 398 campus,
1092 354 1193 389 undc
1226 361 1388 399 uterque
1419 366 1528 391 suam

109 405 186 442 sibi
215 416 263 441 ac
294 406 487 451 propriam
518 406 670 442 laudem
703 410 940 453 reportaret:
973 410 1214 453 praesertim,
1246 420 1360 455 quum
1383 411 1423 446 in
1446 413 1528 457 pari

109 461 322 497 universae
352 459 633 508 eruditionis)
671 464 781 508 copia
818 467 925 498 esset
957 467 1082 499 tamen
1114 465 1303 509 quaedam
1335 467 1522 503 volunta-
1537 474 1590 510 86

109 517 175 559 tis,
204 518 340 563 studii,
370 518 694 565 ingeniorumque
724 518 1024 564 dissimilitud03
1056 525 1097 555 ut
1119 531 1233 564 quum
1256 532 1390 557 omnes
1414 527 1525 559 uter-

107 584 184 618 que
214 576 366 610 teneret
395 574 570 616 iliter-as,
600 574 756 609 diversa
787 585 917 610 earnm
950 585 1045 620 prae
1074 577 1243 611 caeteris
1275 587 1424 625 genera
1455 589 1526 614 se-

109 636 308 674 queretur.
362 630 661 676 Wesselingins
693 631 820 677 magis
851 641 926 674 res,
958 641 1106 666 omnem
1139 633 1363 678 Historiam,
1396 636 1524 671 Chro-

108 685 323 732 ming-iam,
363 686 673 733 Geograpbiam,
712 686 1002 732 Antiquitates,
1049 690 1368 724 consectabatur:
1421 692 1525 726 Val-

105 741 315 777 ckenarius
345 741 473 788 magis
503 741 623 777 verba
653 745 692 777 et
721 743 1020 778 Grammaticam
1059 743 1249 780 rationem
1281 746 1523 790 complecte-

106 797 241 843 batur,
272 797 429 833 valebat
457 797 646 833 interiore
677 797 852 834 Graecae
882 799 1041 845 linguae
1071 799 1264 845 scientia,
1303 803 1524 838 venustatis

105 863 248 896 sensu,
287 853 518 888 emendandi
550 853 750 893 acumine,
791 859 830 889 et
861 865 910 889 ex
941 856 1043 890 omni
1074 860 1249 891 veterum
1282 857 1522 902 Scriptorum

105 909 529 953 Grammaticorumque
560 909 738 953 quamvis
763 909 919 944 horrida
943 911 1155 957 farragine,
1187 915 1381 957 tamquam
1404 923 1522 959 gem-

103 973 200 1007 maS‚
230 964 375 1008 optima
395 973 572 1009 quaeque
602 970 812 1010 praecepta
842 968 881 1000 et
908 967 1128 1010 fragmenta
1158 967 1373 1013 indagandi
1406 969 1521 1013 expi-

103 1019 316 1064 scandique
355 1020 599 1067 sagacitate:
638 1030 777 1065 posses
816 1022 919 1056 hunc
957 1022 1302 1057 Grammaticorum
1346 1024 1520 1059 Critico-

102 1086 266 1120 rumque
295 1070 632 1124 ἱστορικώτατον
672 1077 892 1124 nominare,
932 1077 1038 1112 illum
1074 1078 1354 1113 HistorIcorum
1385 1091 1522 1127 κριτι-

101 1127 298 1168 nahmen
326 1128 400 1167 καὶ
431 1126 869 1179 γραμματικώτατοινε
915 1133 979 1178 qui
1014 1133 1091 1169 nisi
1121 1134 1367 1170 coniunctam
1400 1135 1520 1181 inge-

102 1185 251 1221 niorum
290 1196 444 1231 operam
484 1186 523 1221 in
565 1187 802 1223 Herodotum
845 1189 1127 1236 contulissent,
1182 1200 1406 1225 careremus
1454 1191 1521 1225 illa

100 1241 295 1289 editione,
336 1251 438 1286 quae
475 1242 605 1277 adbuc
641 1253 720 1278 una
758 1254 807 1279 cx
844 1245 1024 1283 omnibus
1069 1245 1238 1280 omnium
1281 1245 1517 1281 Graecorum

99 1301 301 1334 auctorum
332 1298 572 1333 editionibus
603 1299 936 1334 excellentissima
966 1305 1004 1335 et
1038 1311 1128 1336 vere
1151 1301 1336 1346 palmaria
1367 1306 1521 1337 exstat:

99 1349 215 1389 cuius
254 1363 398 1400 operae
436 1357 476 1389 et
514 1354 815 1402 coniungendae
855 1356 954 1402 ipsis
986 1367 1171 1392 suasores
1207 1357 1366 1392 fuerunt
1397 1359 1519 1393 Hem-

98 1409 323 1446 sterhusins
353 1413 392 1445 ct
414 1409 673 1446 Ruhnkenius
704 1421 929 1448 communes
958 1412 1088 1458 amici,
1118 1413 1327 1460 iidemque,
1358 1414 1392 1449 si
1419 1425 1519 1459 quae

100 1467 201 1502 sorte
230 1466 321 1502 inde
352 1469 443 1501 nata
481 1470 588 1502 esset
626 1467 858 1515 disiunctio,
900 1469 1045 1504 veteris
1082 1469 1237 1516 gratiae
1277 1470 1517 1505 reconcilia-

100 1526 216 1558 tores.
261 1522 340 1558 Sed
374 1522 595 1565 Ruhnkenii
627 1533 779 1569 quoque
810 1525 982 1560 studium
1013 1525 1110 1560 utile
1143 1526 1216 1561 fnit
1247 1524 1515 1573 Wesselingio

99 1578 147 1612 ad
178 1578 390 1613 ornandum
421 1578 679 1625 Herodotum,
724 1581 992 1626 comparandis
1024 1581 1302 1617 parisiensium
1335 1582 1513 1617 codicum

98 1633 330 1679 scriptorum
368 1634 627 1670 lectionibus:
666 1636 767 1680 quod
807 1639 845 1671 et
884 1636 923 1671 in
964 1637 1208 1681 praefatione
1238 1638 1323 1681 ipse
1354 1639 1513 1685 fatetur,
1532 1635 1586 1672 87

99 1692 140 1726 et
169 1700 219 1726 ex
250 1690 336 1725 eius
366 1689 412 1724 ad
444 1689 549 1725 hune
579 1691 771 1739 epistolis,
804 1693 1023 1738 nuperrime
1054 1692 1150 1728 mihi
1179 1693 1218 1728 in
1243 1703 1380 1728 manus
1410 1693 1516 1729 inei-

97 1746 291 1789 dentibus,
322 1745 504 1792 cognovi.

211 1802 294 1837 Sub
324 1801 426 1836 idem
458 1801 544 1836 sere
576 1804 741 1848 tempus,
771 1813 846 1847 quo
870 1803 1130 1838 Ruhnkenius
1156 1804 1300 1839 Lector
1328 1803 1516 1840 docendis

99 1858 267 1894 Graecis
295 1857 442 1893 Literis
472 1859 603 1892 factus
632 1861 707 1905 est,
738 1858 883 1894 accidit
913 1862 955 1894 ut
986 1859 1170 1906 Lugduni
1202 1859 1388 1895 cathedra
1413 1860 1515 1896 luris

97 1914 245 1960 publici
273 1916 456 1959 vacaret,
505 1913 620 1958 eique
652 1915 849 1949 ornandae
879 1925 964 1950 cum
997 1916 1189 1951 scientiae
1220 1916 1408 1951 facultate
1439 1926 1514 1952 ex-

97 1970 270 2015 cellens,
321 1973 400 2004 tum
439 1969 567 2004 famae
605 1969 831 2004 celebritate
873 1970 1024 2012 clarus,
1074 1971 1208 2006 doctor
1248 1975 1515 2015 quaereretur.

96 2026 289 2062 Continuo
319 2024 593 2061 Ruhnkenium
637 2025 743 2060 subit
772 2025 916 2061 Ritteri
956 2026 1018 2061 sui
1056 2026 1265 2073 cogitatio:
1310 2037 1394 2062 eam
1426 2038 1511 2063 cum

96 2080 392 2117 Hemsterhusio
423 2079 702 2115 communicat:
741 2080 830 2125 qui,
870 2084 910 2116 ut
944 2091 1080 2117 nomen
1113 2083 1258 2118 Ritteri
1288 2083 1418 2129 audit,
1457 2084 1512 2119 ita

97 2137 201 2171 hunc
239 2135 354 2172 unice
392 2135 542 2182 expetit
583 2146 630 2171 ac
667 2138 826 2185 probat,
863 2140 905 2172 ut
940 2137 975 2172 in
1008 2138 1153 2173 Literis
1195 2143 1233 2174 et
1264 2138 1511 2183 Antiquitate

98 2191 433 2238 versatissimum,
476 2195 516 2227 et
545 2192 669 2228 omnis
699 2192 921 2238 Historiae,
958 2192 1045 2228 sine
1075 2204 1151 2238 qua
1181 2194 1277 2228 haec
1307 2193 1511 2238 lurispru-

94 2247 252 2283 dentiae
293 2258 382 2293 pars
422 2250 604 2283 constare
642 2258 717 2284 non
750 2252 910 2293 posset,
952 2248 1254 2292 peritissimum:
1301 2249 1512 2293 persuadet

95 2303 302 2340 consilium
341 2303 620 2339 curatoribus:
687 2303 728 2339 hi
765 2303 1003 2340 Ruhnkenio
1047 2304 1245 2351 negotium
1293 2304 1412 2353 dant,
1467 2309 1511 2339 ut

94 2359 265 2405 ipsorum
316 2358 471 2394 nomine
509 2359 703 2394 Ritterum
753 2358 895 2394 invitet
934 2359 1051 2404 eique
1098 2360 1320 2395 cathedram
1360 2361 1509 2396 offerat.

95 2414 357 2455 Ruhnkenius
395 2414 616 2450 mandatum
657 2414 834 2449 lubenter
873 2415 1047 2462 peragit:
1089 2416 1318 2452 Curatorum
1358 2415 1509 2451 invita-

95 2471 190 2507 tioni
229 2471 335 2506 addit
372 2479 483 2505 suam
520 2470 607 2514 ipse
648 2470 968 2506 adhortationem.
1029 2472 1206 2507 Ritterus
1247 2471 1507 2506 conditionem

96 2526 261 2572 accipit:
302 2525 536 2562 Ruhnkenio
576 2529 819 2570 peramanter
858 2528 1122 2570 respondens,
1161 2527 1207 2561 ad
1241 2537 1323 2561 eam
1355 2526 1509 2572 accipi-

96 2581 233 2618 endam
263 2581 467 2628 plurimum
499 2581 600 2626 apud
631 2592 675 2616 se
706 2581 879 2616 valuisse
909 2581 1007 2626 quod
1029 2583 1077 2616 ad
1099 2583 1338 2618 Academiae
1367 2583 1510 2618 cathe-

96 2635 265 2682 draeque
313 2637 673 2685 Lugdunobatavae
724 2637 988 2672 celebritatem
1044 2638 1251 2673 accederet
1298 2638 1511 2683 peculiaris

96 2690 166 2727 illa
204 2693 382 2728 suavitas
420 2693 698 2728 instaurandae
746 2693 893 2727 veteris
933 2703 1017 2727 cum
1058 2693 1144 2738 ipso
1189 2693 1509 2729 consuetudinis:

98 2809 128 2846 ⁹)
153 2809 277 2840 Adbuc
301 2813 393 2844 male
417 2815 587 2853 scriptum
613 2814 677 2845 fuit
701 2814 873 2845 universe
896 2812 1125 2845 eruditionis.
1174 2814 1245 2846 Fu.
