1833 3237
719 192 1024 233 -7-

169 309 245 346 nisi
278 309 459 344 fortunae
489 317 586 344 aura
615 307 800 353 adspiret.
859 308 914 344 At
947 308 1045 342 haec
1065 306 1180 342 simul
1201 309 1316 353 atque
1345 307 1575 355 adspiravit,

167 365 270 401 idem
310 364 379 399 ille
417 363 529 400 modo
568 363 748 399 immotus
786 362 919 407 exilit,
950 363 1097 409 evolat,
1126 362 1359 399 incenditur.
1415 364 1579 400 Scilicet

167 420 302 456 eadem
341 421 402 454 est
440 419 540 454 ratio
582 421 621 455 et
658 418 698 453 in
736 428 862 453 rerum
903 421 1066 464 natura,
1107 420 1146 454 et
1183 419 1221 454 in
1253 419 1577 456 conversionibus

167 485 255 512 cum
285 474 529 521 singulorum
560 473 770 521 hominum,
792 478 872 509 tum
889 474 1158 509 universorum
1181 475 1427 519 populorum:
1456 486 1578 521 prae-

168 541 261 567 sens
289 534 399 566 aetas
428 530 595 576 parturit
623 530 817 564 futuram:
857 539 1024 565 caussae
1052 539 1202 574 rerum,
1239 541 1338 575 quae
1367 531 1577 577 aliquando

171 587 284 633 fient,
320 586 397 622 iam
437 594 577 631 magna
616 594 666 620 ex
705 587 815 630 parte
855 595 958 620 nunc
1007 585 1170 631 adsunt,
1211 590 1354 622 coeunt
1393 586 1577 631 paulatim

167 643 292 678 donec
322 642 457 678 ultima
484 640 661 686 quamvis
691 640 836 688 exigua
861 640 1087 688 accedente,
1110 650 1294 677 numerus
1320 652 1581 688 mensuraque

165 708 299 733 earum
338 697 534 744 expletur,
575 699 615 732 et
653 697 817 732 effectus
860 696 899 732 in
946 697 1070 733 lucem
1112 696 1298 742 proditur.
1365 698 1501 734 Veluti
1538 698 1578 733 in

166 753 308 799 populo
340 752 487 789 sensim
519 751 759 799 colliguntur
788 752 1045 798 offensiones,
1076 752 1178 798 odia,
1207 753 1458 789 inimicitiae:
1498 756 1578 790 tum

168 808 374 854 coitiones,
405 809 550 852 fervor,
578 808 763 855 agitatio:
794 808 962 853 denique
991 808 1196 843 multitudo
1221 809 1372 855 ducem,
1403 808 1580 855 quamvis

167 864 316 913 levem,
344 866 481 909 nacta,
511 865 688 897 veterum
718 863 878 897 vincula
906 864 1037 909 legum
1068 864 1281 911 abrumpit,
1313 875 1462 901 summa
1491 864 1580 900 imis

165 918 327 964 miscet,
357 918 422 953 vel
450 927 590 953 novam
620 917 858 962 reipublicae
887 918 1071 964 formam,
1111 919 1175 953 vel
1214 920 1253 954 in
1284 920 1417 956 eadem
1459 930 1582 956 novos

166 977 340 1011 rectores
370 973 532 1020 quaerit.
592 971 679 1010 Aut
704 973 1022 1019 quemadmodum
1061 975 1107 1008 ad
1139 973 1282 1021 ingens
1313 974 1400 1010 saxi
1430 975 1582 1021 pondus

169 1031 256 1067 loco
285 1029 518 1066 movendum
548 1029 681 1075 plures
712 1030 923 1076 pluresque
954 1029 1141 1075 deinceps
1171 1030 1385 1076 accedunt,
1425 1034 1462 1066 et
1493 1032 1584 1066 fru-

170 1089 252 1122 stra
292 1087 461 1122 nitentes
506 1086 668 1120 sudant:
713 1086 837 1120 donec
883 1085 1102 1122 multesimo
1149 1086 1313 1131 quodam
1361 1086 1587 1137 accedente,

169 1142 282 1178 ecce!
315 1142 466 1187 pondus
489 1144 677 1178 movetur.
727 1142 812 1178 Aut
831 1142 958 1187 p‘routi
985 1142 1023 1177 in
1051 1142 1164 1187 libra,
1193 1141 1370 1187 aequatis
1399 1142 1438 1178 in
1470 1146 1584 1178 utra-

170 1208 246 1244 que
275 1197 389 1232 lance
429 1196 690 1246 ponderibus,
721 1197 849 1232 adhue
879 1200 1005 1232 status
1036 1201 1074 1233 et
1114 1197 1227 1242 quies
1257 1198 1515 1245 intelligitur:
1546 1199 1587 1233 at

170 1252 327 1288 minimo
358 1252 406 1287 ad
437 1252 598 1287 alteram
628 1253 780 1288 lancem
812 1252 943 1287 addito
974 1256 1187 1298 momento,
1218 1253 1316 1288 baec
1345 1253 1489 1300 vergit,
1518 1253 1586 1288 illa

170 1308 332 1346 tollitur.
391 1307 460 1344 Sic
489 1307 650 1355 ingenia
681 1318 861 1358 caussas,
893 1309 1036 1354 quibus
1067 1308 1117 1343 ad
1147 1308 1317 1344 studium
1349 1309 1584 1357 excitentur,

168 1364 354 1411 paulatim
397 1373 483 1399 cum
514 1363 740 1410 concipiunt
769 1364 808 1399 in
839 1374 884 1400 se
913 1364 1033 1410 ipsis,
1064 1367 1142 1400 tum
1175 1364 1421 1401 extrinsecus
1451 1364 1587 1400 susci-

170 1420 295 1467 piunt,
326 1430 472 1465 easque
502 1422 545 1455 ut
572 1419 833 1468 praegnantia
862 1420 1036 1456 inclusas
1065 1421 1105 1456 in
1136 1420 1223 1456 sinu
1256 1420 1489 1467 conntient,
1509 1420 1584 1456 do-

169 1486 245 1512 nec
276 1474 431 1523 expleto
462 1486 593 1512 earum
626 1486 805 1522 numero,
845 1477 969 1513 veluti
1006 1476 1159 1513 exactis
1197 1476 1398 1513 mensibus
1424 1478 1586 1523 foetum,

170 1532 233 1569 sic
261 1532 432 1568 studium
464 1532 632 1578 pariant.
690 1532 820 1580 Igitur
839 1533 904 1579 qui
934 1536 1151 1579 opportuno
1181 1533 1248 1569 illo
1280 1536 1318 1568 et
1346 1533 1394 1568 ad
1426 1534 1588 1578 parien-

170 1588 261 1624 dum
293 1591 441 1624 maturo
472 1592 663 1634 tempore,
690 1589 776 1624 sive
807 1589 979 1635 prudens
1009 1589 1095 1625 sive
1124 1589 1364 1637 imprudens,
1395 1589 1481 1624 sive
1513 1589 1588 1624 hoc

173 1644 261 1680 sive
289 1643 394 1679 aliud
424 1654 570 1691 agens,
600 1645 835 1691 praegnanti
863 1645 1025 1692 ingenio
1055 1645 1119 1680 vel
1148 1645 1392 1680 levissimum
1422 1644 1590 1680 addide-

171 1700 223 1736 rit
257 1702 511 1744 momentum,
550 1698 615 1734 hic
654 1698 884 1735 excitaverit
921 1700 1113 1738 studium:
1154 1701 1222 1736 sed
1253 1699 1355 1736 idem
1387 1700 1502 1752 falso,
1546 1702 1590 1735 ut

171 1756 293 1803 vulgo
322 1756 377 1801 fit,
404 1755 513 1790 solus
542 1754 729 1799 impulsor
757 1755 970 1804 habeatur,
1003 1756 1148 1800 quippe
1178 1755 1243 1800 qui
1273 1765 1360 1790 cum
1391 1755 1589 1800 prioribus

171 1811 304 1848 multis
340 1811 394 1846 sit
417 1820 537 1845 ·unus
575 1813 615 1845 et
643 1812 872 1856 postremus.
932 1812 1029 1846 Tum
1060 1820 1154 1846 vero
1193 1820 1374 1856 suprema
1411 1810 1481 1846 illa
1510 1811 1590 1846 im·-

171 1867 350 1915 pulsione
379 1868 524 1902 tactum
553 1865 754 1913 ingenium
781 1866 990 1902 indolescit
1019 1869 1147 1913 partu,
1178 1868 1217 1902 et
1248 1867 1589 1902 nascentestudio

172 1923 456 1969 exardescens,
502 1921 634 1957 divino
679 1922 792 1968 quasi
838 1922 985 1968 impetu
1010 1923 1156 1968 fertur3
1217 1922 1320 1958 unde
1359 1923 1426 1958 hic
1468 1922 1590 1958 studii

171 1981 352 2024 affectus,
382 1979 430 2015 ob
460 1977 678 2013 divinitatis
708 1977 952 2024 opinionem,
992 1977 1250 2013 enthusiasmi
1288 1979 1442 2014 nomine
1479 1980 1588 2015 cele-

173 2037 309 2072 bratus
339 2035 412 2069 est.
472 2034 523 2069 Et
552 2042 648 2068 vero
678 2032 734 2079 is,
765 2033 851 2068 sive
880 2034 1018 2079 ardor,
1049 2033 1134 2068 sive
1164 2033 1478 2081 enthusiasmus,
1520 2045 1591 2070 so·-

176 2090 279 2127 cium
319 2090 438 2125 habet
484 2088 679 2136 dolorem,
720 2091 911 2134 tamquam
948 2089 1024 2125 sibi
1063 2089 1140 2135 ipsi
1188 2089 1435 2135 displicentis
1474 2094 1590 2136 atque

177 2145 421 2193 indignantis
461 2144 525 2190 qui
557 2147 634 2179 tam
665 2143 731 2179 din
762 2144 1012 2191 dormiverit,
1049 2148 1088 2180 et
1123 2155 1213 2181 sero
1254 2145 1487 2191 resipuerit,
1519 2156 1592 2180 nec

176 2202 265 2237 dum
297 2210 545 2248 magnorum,
576 2209 672 2245 quos
710 2199 758 2234 ad
787 2200 1013 2236 imitandum
1051 2201 1126 2236 sibi
1169 2201 1390 2246 proposuit,
1421 2200 1590 2236 virorum

176 2256 456 2303 praestantiam
495 2259 704 2292 assecutus
743 2256 804 2291 sit.
874 2255 948 2291 Hic
996 2255 1105 2291 dolor
1152 2255 1227 2290 fuit
1268 2253 1590 2302 Themistoclis*)

178 2312 465 2357 adolescentis,
503 2322 616 2357 quem
656 2311 850 2348 Miltiadis
881 2314 1078 2356 tropaeum
1117 2310 1285 2347 dormire
1315 2322 1389 2347 non
1421 2312 1591 2347 sinebat:

175 2369 243 2405 hie
272 2365 592 2415 Thucydidis**)
623 2366 758 2412 pueri,
790 2376 901 2412 quem
941 2366 1128 2403 Herodoti
1166 2368 1272 2402 fama
1309 2367 1356 2402 ad
1388 2367 1591 2403 historiam

175 2424 421 2462 scribendam
451 2422 646 2459 converit:
686 2422 751 2457 hic
789 2420 1157 2470 Demosthenis***)
1196 2422 1329 2470 pueri,
1368 2423 1434 2469 qui
1465 2423 1592 2460 calli-

175 2542 208 2584 ‘)
231 2545 409 2577 Plutarch.
432 2546 469 2575 in
494 2544 567 2575 Vit.
603 2551 636 2582 p.
662 2542 737 2576 114.
764 2544 803 2575 B.
857 2544 944 2585 Opp.
977 2545 1104 2577 Moral.
1136 2553 1171 2585 p.
1208 2543 1285 2576 184.
1318 2544 1358 2576 F.
1381 2543 1523 2585 80⁰2st
1550 2545 1585 2575 1).

222 2590 383 2621 Lambin.
408 2588 450 2620 ad
475 2589 600 2628 Nepot.
625 2588 668 2625 ΙΙ,
694 2588 725 2619 1.

180 2653 225 2692 ”J
247 2656 444 2688 Marcellin.
467 2655 540 2686 vit.
565 2655 800 2695 Thucydidis,
826 2664 857 2696 p.
883 2656 914 2686 9.
933 2655 1145 2688 conferatur
1170 2655 1194 2686 1.
1212 2656 1251 2686 Α.
1279 2655 1464 2688 Fabricius
1481 2654 1593 2686 Bibli-

226 2701 299 2731 oth.
321 2700 450 2732 Graec.
477 2700 556 2731 Vol.
580 2699 606 2730 1.
631 2708 663 2740 p.
687 2699 765 2730 867.

183 2763 242 2805 ⁸⁸⁶)
265 2766 438 2799 Plutarch.
464 2767 499 2798 in
526 2767 598 2798 vit.
624 2775 656 2806 p.
681 2764 758 2798 847.
784 2766 824 2798 F.
