<?xml version="1.0" encoding="UTF-8"?>
<!DOCTYPE html PUBLIC "-//W3C//DTD XHTML 1.0 Transitional//EN"
    "http://www.w3.org/TR/xhtml1/DTD/xhtml1-transitional.dtd">
<html xmlns="http://www.w3.org/1999/xhtml" xml:lang="en" lang="en">
 <head>
  <title>
</title>
<meta http-equiv="Content-Type" content="text/html;charset=utf-8" />
  <meta name='ocr-system' content='tesseract 3.04.00' />
  <meta name='ocr-capabilities' content='ocr_page ocr_carea ocr_par ocr_line ocrx_word'/>
</head>
<body>
  <div class='ocr_page' id='page_1' title='image "./vitadavidisruhnk00wyttuoft_0215.png"; bbox 0 0 1816 3233; ppageno 0'>
   <div class='ocr_carea' id='block_1_1' title="bbox 641 215 949 260">
    <p class='ocr_par' dir='ltr' id='par_1_1' title="bbox 641 215 949 260">
     <span class='ocr_line' id='line_1_1' title="bbox 641 215 949 260; baseline -0.006 0"><span class='ocrx_word' id='word_1_1' title='bbox 641 215 949 260; x_wconf 71' lang='lat'>—20‘7-</span> 
     </span>
    </p>
   </div>
   <div class='ocr_carea' id='block_1_2' title="bbox 88 286 1502 1004">
    <p class='ocr_par' dir='ltr' id='par_1_2' title="bbox 94 286 1502 506">
     <span class='ocr_line' id='line_1_2' title="bbox 94 286 339 323; baseline -0.008 -7"><span class='ocrx_word' id='word_1_2' title='bbox 94 286 174 323; x_wconf 84' lang='lat' dir='ltr'>Pag.</span> <span class='ocrx_word' id='word_1_3' title='bbox 182 286 232 316; x_wconf 83' lang='lat' dir='ltr'>ed.</span> <span class='ocrx_word' id='word_1_4' title='bbox 239 286 339 322; x_wconf 85' lang='lat' dir='ltr'>princ.</span> 
     </span>
     <span class='ocr_line' id='line_1_3' title="bbox 247 327 1499 367; baseline -0.003 -5"><span class='ocrx_word' id='word_1_5' title='bbox 247 329 345 362; x_wconf 82' lang='lat' dir='ltr'>modi</span> <span class='ocrx_word' id='word_1_6' title='bbox 373 327 658 367; x_wconf 74' lang='lat' dir='ltr'>bombardamm</span> <span class='ocrx_word' id='word_1_7' title='bbox 684 332 861 365; x_wconf 77' lang='lat' dir='ltr'>minorum</span> <span class='ocrx_word' id='word_1_8' title='bbox 894 330 1118 362; x_wconf 79' lang='lat' dir='ltr'>transfertur.</span> <span class='ocrx_word' id='word_1_9' title='bbox 1165 327 1220 362; x_wconf 82' lang='lat' dir='ltr'>Cf.</span> <span class='ocrx_word' id='word_1_10' title='bbox 1245 327 1388 360; x_wconf 81' lang='lat' dir='ltr'>Nolten.</span> <span class='ocrx_word' id='word_1_11' title='bbox 1414 327 1499 359; x_wconf 81' lang='lat' dir='ltr'>Lex.</span> 
     </span>
     <span class='ocr_line' id='line_1_4' title="bbox 249 373 1502 416; baseline -0.001 -11"><span class='ocrx_word' id='word_1_12' title='bbox 249 375 431 406; x_wconf 77' lang='lat' dir='ltr'>Antibarb.</span> <span class='ocrx_word' id='word_1_13' title='bbox 456 383 536 416; x_wconf 86' lang='lat' dir='ltr'>pag.</span> <span class='ocrx_word' id='word_1_14' title='bbox 549 375 630 408; x_wconf 75' lang='lat'>442.</span> <span class='ocrx_word' id='word_1_15' title='bbox 679 376 845 409; x_wconf 83' lang='lat' dir='ltr'>Ceterum</span> <span class='ocrx_word' id='word_1_16' title='bbox 868 377 1168 415; x_wconf 75' lang='lat' dir='ltr'><strong>wyttenbachius</strong></span> <span class='ocrx_word' id='word_1_17' title='bbox 1193 375 1388 416; x_wconf 83' lang='lat' dir='ltr'>sclopetum</span> <span class='ocrx_word' id='word_1_18' title='bbox 1414 373 1502 404; x_wconf 84' lang='lat' dir='ltr'>bene</span> 
     </span>
     <span class='ocr_line' id='line_1_5' title="bbox 251 418 1502 464; baseline -0.001 -13"><span class='ocrx_word' id='word_1_19' title='bbox 251 423 393 452; x_wconf 82' lang='lat' dir='ltr'>vocavit</span> <span class='ocrx_word' id='word_1_20' title='bbox 415 420 538 454; x_wconf 81' lang='lat' dir='ltr'>tubum</span> <span class='ocrx_word' id='word_1_21' title='bbox 560 422 777 463; x_wconf 68' lang='lat' dir='ltr'>iynivomam</span> <span class='ocrx_word' id='word_1_22' title='bbox 790 444 803 464; x_wconf 83' lang='grc'>,</span> <span class='ocrx_word' id='word_1_23' title='bbox 829 422 888 462; x_wconf 90' lang='lat' dir='ltr'>qui</span> <span class='ocrx_word' id='word_1_24' title='bbox 912 426 1035 453; x_wconf 86' lang='lat' dir='ltr'>nostro</span> <span class='ocrx_word' id='word_1_25' title='bbox 1060 421 1272 461; x_wconf 72' lang='lat' dir='ltr'>Fenerrohr</span> <span class='ocrx_word' id='word_1_26' title='bbox 1295 419 1385 452; x_wconf 84' lang='lat' dir='ltr'>baud</span> <span class='ocrx_word' id='word_1_27' title='bbox 1410 418 1502 450; x_wconf 81' lang='lat' dir='ltr'>male</span> 
     </span>
     <span class='ocr_line' id='line_1_6' title="bbox 248 466 472 506; baseline -0.004 -8"><span class='ocrx_word' id='word_1_28' title='bbox 248 466 472 506; x_wconf 77' lang='lat' dir='ltr'>respondeat.</span> 
     </span>
    </p>

    <p class='ocr_par' dir='ltr' id='par_1_3' title="bbox 91 508 1501 733">
     <span class='ocr_line' id='line_1_7' title="bbox 91 508 1501 553; baseline -0.002 -11"><span class='ocrx_word' id='word_1_29' title='bbox 91 509 289 544; x_wconf 53' lang='lat' dir='ltr'>&amp;mma-14.</span> <span class='ocrx_word' id='word_1_30' title='bbox 313 520 424 544; x_wconf 69' lang='lat' dir='ltr'>canes</span> <span class='ocrx_word' id='word_1_31' title='bbox 448 528 488 533; x_wconf 90' lang='lat'>-—</span> <span class='ocrx_word' id='word_1_32' title='bbox 513 513 689 553; x_wconf 68' lang='lat' dir='ltr'>eyreqias.</span> <span class='ocrx_word' id='word_1_33' title='bbox 728 512 951 543; x_wconf 63' lang='lat' dir='ltr'>Fen-inuium</span> <span class='ocrx_word' id='word_1_34' title='bbox 975 512 1009 542; x_wconf 89' lang='lat' dir='ltr'>in</span> <span class='ocrx_word' id='word_1_35' title='bbox 1034 512 1180 543; x_wconf 82' lang='lat' dir='ltr'>canibus</span> <span class='ocrx_word' id='word_1_36' title='bbox 1203 510 1374 542; x_wconf 85' lang='lat' dir='ltr'>venaticis</span> <span class='ocrx_word' id='word_1_37' title='bbox 1398 508 1501 540; x_wconf 85' lang='lat' dir='ltr'>babet</span> 
     </span>
     <span class='ocr_line' id='line_1_8' title="bbox 248 555 1501 596; baseline -0.003 -8"><span class='ocrx_word' id='word_1_38' title='bbox 248 557 438 589; x_wconf 76' lang='lat' dir='ltr'>Lueretius</span> <span class='ocrx_word' id='word_1_39' title='bbox 462 557 494 595; x_wconf 87' lang='lat'>1,</span> <span class='ocrx_word' id='word_1_40' title='bbox 519 557 594 587; x_wconf 81' lang='grc'>398.</span> <span class='ocrx_word' id='word_1_41' title='bbox 643 558 810 588; x_wconf 76' lang='lat' dir='ltr'>Horat-ius</span> <span class='ocrx_word' id='word_1_42' title='bbox 836 557 944 596; x_wconf 86' lang='lat' dir='ltr'>Epod.</span> <span class='ocrx_word' id='word_1_43' title='bbox 968 557 1008 593; x_wconf 83' lang='lat'>2,</span> <span class='ocrx_word' id='word_1_44' title='bbox 1033 557 1089 588; x_wconf 86' lang='lat'>31.</span> <span class='ocrx_word' id='word_1_45' title='bbox 1128 557 1184 588; x_wconf 88' lang='lat' dir='ltr'>ubi</span> <span class='ocrx_word' id='word_1_46' title='bbox 1205 555 1501 587; x_wconf 78' lang='lat' dir='ltr'>Mitscberlichius</span> 
     </span>
     <span class='ocr_line' id='line_1_9' title="bbox 249 602 1500 642; baseline -0.002 -10"><span class='ocrx_word' id='word_1_47' title='bbox 249 604 298 632; x_wconf 79' lang='lat' dir='ltr'>ait</span> <span class='ocrx_word' id='word_1_48' title='bbox 331 606 454 641; x_wconf 82' lang='lat' dir='ltr'>poetas</span> <span class='ocrx_word' id='word_1_49' title='bbox 487 609 608 633; x_wconf 79' lang='lat' dir='ltr'>amare</span> <span class='ocrx_word' id='word_1_50' title='bbox 632 602 819 641; x_wconf 80' lang='lat' dir='ltr'>feminina,</span> <span class='ocrx_word' id='word_1_51' title='bbox 853 605 1044 642; x_wconf 80' lang='lat' dir='ltr'>propterea</span> <span class='ocrx_word' id='word_1_52' title='bbox 1076 602 1164 642; x_wconf 87' lang='lat' dir='ltr'>quod</span> <span class='ocrx_word' id='word_1_53' title='bbox 1198 603 1351 633; x_wconf 83' lang='lat' dir='ltr'>feminae</span> <span class='ocrx_word' id='word_1_54' title='bbox 1384 606 1500 633; x_wconf 81' lang='lat' dir='ltr'>mares</span> 
     </span>
     <span class='ocr_line' id='line_1_10' title="bbox 248 644 1500 687; baseline 0 -11"><span class='ocrx_word' id='word_1_55' title='bbox 248 649 442 687; x_wconf 77' lang='lat' dir='ltr'>sagacitate</span> <span class='ocrx_word' id='word_1_56' title='bbox 465 647 635 687; x_wconf 82' lang='lat' dir='ltr'>superare</span> <span class='ocrx_word' id='word_1_57' title='bbox 659 648 858 679; x_wconf 80' lang='lat' dir='ltr'>credantur.</span> <span class='ocrx_word' id='word_1_58' title='bbox 916 647 1102 679; x_wconf 77' lang='lat' dir='ltr'>Venaticos</span> <span class='ocrx_word' id='word_1_59' title='bbox 1125 656 1232 680; x_wconf 84' lang='lat' dir='ltr'>canes</span> <span class='ocrx_word' id='word_1_60' title='bbox 1262 648 1348 678; x_wconf 86' lang='lat' dir='ltr'>dixit</span> <span class='ocrx_word' id='word_1_61' title='bbox 1373 644 1500 677; x_wconf 84' lang='lat' dir='ltr'>Cicero</span> 
     </span>
     <span class='ocr_line' id='line_1_11' title="bbox 247 692 729 733; baseline 0 -11"><span class='ocrx_word' id='word_1_62' title='bbox 247 692 284 722; x_wconf 86' lang='lat' dir='ltr'>iu</span> <span class='ocrx_word' id='word_1_63' title='bbox 310 693 415 724; x_wconf 83' lang='lat' dir='ltr'>Verr.</span> <span class='ocrx_word' id='word_1_64' title='bbox 441 692 498 723; x_wconf 82' lang='lat' dir='ltr'>lib.</span> <span class='ocrx_word' id='word_1_65' title='bbox 526 692 571 733; x_wconf 89' lang='lat' dir='ltr'>V,</span> <span class='ocrx_word' id='word_1_66' title='bbox 596 692 649 730; x_wconf 83' lang='lat'>13,</span> <span class='ocrx_word' id='word_1_67' title='bbox 674 694 729 724; x_wconf 82' lang='lat'>31.</span> 
     </span>
    </p>

    <p class='ocr_par' dir='ltr' id='par_1_4' title="bbox 88 734 1502 868">
     <span class='ocr_line' id='line_1_12' title="bbox 88 734 1501 779; baseline -0.001 -11"><span class='ocrx_word' id='word_1_68' title='bbox 88 734 259 768; x_wconf 55' lang='lat' dir='ltr'>wan-5.</span> <span class='ocrx_word' id='word_1_69' title='bbox 283 738 436 778; x_wconf 71' lang='lat' dir='ltr'>propter</span> <span class='ocrx_word' id='word_1_70' title='bbox 459 739 634 769; x_wconf 74' lang='lat' dir='ltr'>materiae</span> <span class='ocrx_word' id='word_1_71' title='bbox 659 739 944 779; x_wconf 60' lang='lat' dir='ltr'>intelliyentaam.</span> <span class='ocrx_word' id='word_1_72' title='bbox 991 737 1101 768; x_wconf 84' lang='lat' dir='ltr'>Immo</span> <span class='ocrx_word' id='word_1_73' title='bbox 1124 738 1277 778; x_wconf 78' lang='lat' dir='ltr'>propter</span> <span class='ocrx_word' id='word_1_74' title='bbox 1298 745 1424 768; x_wconf 80' lang='lat' dir='ltr'>rerum</span> <span class='ocrx_word' id='word_1_75' title='bbox 1445 735 1501 766; x_wconf 82' lang='lat' dir='ltr'>vel</span> 
     </span>
     <span class='ocr_line' id='line_1_13' title="bbox 250 782 1502 824; baseline 0 -11"><span class='ocrx_word' id='word_1_76' title='bbox 250 784 457 823; x_wconf 57' lang='lat' dir='ltr'>(imminenti</span> <span class='ocrx_word' id='word_1_77' title='bbox 480 783 766 824; x_wconf 66' lang='lat' dir='ltr'>itztelliyenztiam.</span> <span class='ocrx_word' id='word_1_78' title='bbox 815 783 996 821; x_wconf 75' lang='lat' dir='ltr'><strong>Quomodo</strong></span> <span class='ocrx_word' id='word_1_79' title='bbox 1026 784 1183 814; x_wconf 76' lang='lat' dir='ltr'>materia</span> <span class='ocrx_word' id='word_1_80' title='bbox 1208 783 1361 823; x_wconf 81' lang='lat' dir='ltr'>dicatur,</span> <span class='ocrx_word' id='word_1_81' title='bbox 1397 782 1502 813; x_wconf 86' lang='lat' dir='ltr'>docet</span> 
     </span>
     <span class='ocr_line' id='line_1_14' title="bbox 247 827 683 868; baseline 0 -10"><span class='ocrx_word' id='word_1_82' title='bbox 247 827 375 859; x_wconf 82' lang='lat' dir='ltr'>Krebs.</span> <span class='ocrx_word' id='word_1_83' title='bbox 402 828 423 858; x_wconf 93' lang='grc' dir='ltr'>Ι.</span> <span class='ocrx_word' id='word_1_84' title='bbox 451 828 474 858; x_wconf 92' lang='lat' dir='ltr'>l.</span> <span class='ocrx_word' id='word_1_85' title='bbox 505 837 580 868; x_wconf 81' lang='lat' dir='ltr'>pag.</span> <span class='ocrx_word' id='word_1_86' title='bbox 605 827 683 858; x_wconf 76' lang='lat'>484.</span> 
     </span>
    </p>

    <p class='ocr_par' dir='ltr' id='par_1_5' title="bbox 89 871 1327 912">
     <span class='ocr_line' id='line_1_15' title="bbox 89 871 1327 912; baseline 0.001 -9"><span class='ocrx_word' id='word_1_87' title='bbox 89 871 214 903; x_wconf 77' lang='lat'>2¹74.-</span> <span class='ocrx_word' id='word_1_88' title='bbox 231 872 338 904; x_wconf 65' lang='lat' dir='ltr'>13.‘A</span> <span class='ocrx_word' id='word_1_89' title='bbox 361 874 562 905; x_wconf 67' lang='lat' dir='ltr'>venatione.</span> <span class='ocrx_word' id='word_1_90' title='bbox 610 873 739 904; x_wconf 80' lang='lat' dir='ltr'>Nescio</span> <span class='ocrx_word' id='word_1_91' title='bbox 764 881 808 903; x_wconf 79' lang='lat' dir='ltr'>an</span> <span class='ocrx_word' id='word_1_92' title='bbox 833 875 947 912; x_wconf 85' lang='lat' dir='ltr'>potius</span> <span class='ocrx_word' id='word_1_93' title='bbox 972 875 1018 904; x_wconf 79' lang='lat' dir='ltr'>sit</span> <span class='ocrx_word' id='word_1_94' title='bbox 1042 873 1102 904; x_wconf 61' lang='lat' dir='ltr'>Es</span> <span class='ocrx_word' id='word_1_95' title='bbox 1128 874 1327 905; x_wconf 69' lang='lat' dir='ltr'>venatione.</span> 
     </span>
    </p>

    <p class='ocr_par' dir='ltr' id='par_1_6' title="bbox 89 916 1501 1004">
     <span class='ocr_line' id='line_1_16' title="bbox 89 916 1501 959; baseline 0 -11"><span class='ocrx_word' id='word_1_96' title='bbox 89 916 214 950; x_wconf 72' lang='lat'>275.—</span> <span class='ocrx_word' id='word_1_97' title='bbox 231 918 263 948; x_wconf 77' lang='lat'>7.</span> <span class='ocrx_word' id='word_1_98' title='bbox 287 925 359 948; x_wconf 76' lang='lat' dir='ltr'>non</span> <span class='ocrx_word' id='word_1_99' title='bbox 392 919 497 959; x_wconf 74' lang='lat' dir='ltr'>quasi</span> <span class='ocrx_word' id='word_1_100' title='bbox 525 919 741 949; x_wconf 68' lang='lat' dir='ltr'>divinarem.</span> <span class='ocrx_word' id='word_1_101' title='bbox 791 918 864 948; x_wconf 83' lang='lat' dir='ltr'>Hoc</span> <span class='ocrx_word' id='word_1_102' title='bbox 895 926 965 949; x_wconf 86' lang='lat' dir='ltr'>non</span> <span class='ocrx_word' id='word_1_103' title='bbox 995 921 1049 950; x_wconf 81' lang='lat' dir='ltr'>est</span> <span class='ocrx_word' id='word_1_104' title='bbox 1081 919 1251 950; x_wconf 83' lang='lat' dir='ltr'>Latinum.</span> <span class='ocrx_word' id='word_1_105' title='bbox 1305 917 1501 949; x_wconf 82' lang='lat' dir='ltr'>Dicendum</span> 
     </span>
     <span class='ocr_line' id='line_1_17' title="bbox 247 963 941 1004; baseline -0.003 -10"><span class='ocrx_word' id='word_1_106' title='bbox 247 970 320 994; x_wconf 85' lang='lat' dir='ltr'>non</span> <span class='ocrx_word' id='word_1_107' title='bbox 341 971 411 1004; x_wconf 84' lang='lat' dir='ltr'>quo</span> <span class='ocrx_word' id='word_1_108' title='bbox 436 963 493 994; x_wconf 78' lang='lat' dir='ltr'>vel</span> <span class='ocrx_word' id='word_1_109' title='bbox 515 971 589 994; x_wconf 77' lang='lat' dir='ltr'>‘non</span> <span class='ocrx_word' id='word_1_110' title='bbox 612 963 705 1004; x_wconf 78' lang='lat' dir='ltr'>quod</span> <span class='ocrx_word' id='word_1_111' title='bbox 729 963 941 994; x_wconf 73' lang='lat' dir='ltr'>divinarem.</span> 
     </span>
    </p>
   </div>
   <div class='ocr_carea' id='block_1_3' title="bbox 109 1018 1501 1150">
    <p class='ocr_par' dir='ltr' id='par_1_7' title="bbox 109 1018 1501 1150">
     <span class='ocr_line' id='line_1_18' title="bbox 109 1018 1501 1060; baseline -0.001 -10"><span class='ocrx_word' id='word_1_112' title='bbox 109 1034 146 1040; x_wconf 91' lang='lat'>—</span> <span class='ocrx_word' id='word_1_113' title='bbox 176 1034 214 1041; x_wconf 93' lang='lat'>—</span> <span class='ocrx_word' id='word_1_114' title='bbox 231 1018 286 1050; x_wconf 82' lang='lat'>10.</span> <span class='ocrx_word' id='word_1_115' title='bbox 310 1018 372 1050; x_wconf 72' lang='lat' dir='ltr'>sed</span> <span class='ocrx_word' id='word_1_116' title='bbox 395 1019 490 1060; x_wconf 77' lang='lat' dir='ltr'>quod</span> <span class='ocrx_word' id='word_1_117' title='bbox 513 1035 558 1041; x_wconf 90' lang='lat'>——</span> <span class='ocrx_word' id='word_1_118' title='bbox 581 1019 770 1050; x_wconf 76' lang='lat' dir='ltr'>habiturus</span> <span class='ocrx_word' id='word_1_119' title='bbox 794 1019 894 1049; x_wconf 83' lang='lat' dir='ltr'>esset.</span> <span class='ocrx_word' id='word_1_120' title='bbox 940 1019 994 1050; x_wconf 86' lang='lat' dir='ltr'>Ne</span> <span class='ocrx_word' id='word_1_121' title='bbox 1027 1019 1117 1049; x_wconf 83' lang='lat' dir='ltr'>hunc</span> <span class='ocrx_word' id='word_1_122' title='bbox 1141 1019 1279 1059; x_wconf 83' lang='lat' dir='ltr'>quidem</span> <span class='ocrx_word' id='word_1_123' title='bbox 1304 1019 1501 1050; x_wconf 87' lang='lat' dir='ltr'>coniuncti-</span> 
     </span>
     <span class='ocr_line' id='line_1_19' title="bbox 248 1064 1501 1104; baseline 0.001 -10"><span class='ocrx_word' id='word_1_124' title='bbox 248 1073 329 1095; x_wconf 87' lang='lat' dir='ltr'>vum</span> <span class='ocrx_word' id='word_1_125' title='bbox 353 1064 457 1103; x_wconf 80' lang='lat' dir='ltr'>plane</span> <span class='ocrx_word' id='word_1_126' title='bbox 480 1064 732 1095; x_wconf 76' lang='lat' dir='ltr'>damnaverim.</span> <span class='ocrx_word' id='word_1_127' title='bbox 783 1065 843 1095; x_wconf 75' lang='lat' dir='ltr'>Est</span> <span class='ocrx_word' id='word_1_128' title='bbox 867 1066 958 1095; x_wconf 82' lang='lat' dir='ltr'>enim</span> <span class='ocrx_word' id='word_1_129' title='bbox 983 1066 1193 1104; x_wconf 74' lang='lat' dir='ltr'>suspicantis</span> <span class='ocrx_word' id='word_1_130' title='bbox 1223 1068 1258 1095; x_wconf 81' lang='lat' dir='ltr'>et</span> <span class='ocrx_word' id='word_1_131' title='bbox 1293 1072 1416 1096; x_wconf 85' lang='lat' dir='ltr'>secum</span> <span class='ocrx_word' id='word_1_132' title='bbox 1440 1073 1501 1095; x_wconf 85' lang='lat' dir='ltr'>re—</span> 
     </span>
     <span class='ocr_line' id='line_1_20' title="bbox 246 1108 1140 1150; baseline 0.001 -10"><span class='ocrx_word' id='word_1_133' title='bbox 246 1112 398 1149; x_wconf 84' lang='lat' dir='ltr'>putantis</span> <span class='ocrx_word' id='word_1_134' title='bbox 421 1109 700 1149; x_wconf 77' lang='lat' dir='ltr'>Wyttenbachii.</span> <span class='ocrx_word' id='word_1_135' title='bbox 748 1109 801 1140; x_wconf 81' lang='lat' dir='ltr'>Cf.</span> <span class='ocrx_word' id='word_1_136' title='bbox 828 1110 870 1139; x_wconf 86' lang='lat' dir='ltr'>ad</span> <span class='ocrx_word' id='word_1_137' title='bbox 897 1118 974 1150; x_wconf 77' lang='lat' dir='ltr'>pag.</span> <span class='ocrx_word' id='word_1_138' title='bbox 1001 1108 1056 1149; x_wconf 75' lang='lat'>80,</span> <span class='ocrx_word' id='word_1_139' title='bbox 1083 1111 1140 1141; x_wconf 85' lang='grc'>15.</span> 
     </span>
    </p>
   </div>
   <div class='ocr_carea' id='block_1_4' title="bbox 106 1163 1500 1747">
    <p class='ocr_par' dir='ltr' id='par_1_8' title="bbox 106 1163 1500 1250">
     <span class='ocr_line' id='line_1_21' title="bbox 106 1163 1500 1207; baseline 0.001 -12"><span class='ocrx_word' id='word_1_140' title='bbox 106 1172 144 1186; x_wconf 63' lang='lat'>³²-</span> <span class='ocrx_word' id='word_1_141' title='bbox 175 1163 282 1195; x_wconf 79' lang='lat'>-14.</span> <span class='ocrx_word' id='word_1_142' title='bbox 309 1165 352 1196; x_wconf 80' lang='lat' dir='ltr'>de</span> <span class='ocrx_word' id='word_1_143' title='bbox 375 1165 504 1206; x_wconf 68' lang='lat' dir='ltr'>spuria</span> <span class='ocrx_word' id='word_1_144' title='bbox 528 1165 761 1196; x_wconf 73' lang='lat' dir='ltr'>auctoritate.</span> <span class='ocrx_word' id='word_1_145' title='bbox 809 1165 918 1196; x_wconf 88' lang='lat' dir='ltr'>Immo</span> <span class='ocrx_word' id='word_1_146' title='bbox 942 1165 985 1196; x_wconf 83' lang='lat' dir='ltr'>de</span> <span class='ocrx_word' id='word_1_147' title='bbox 1001 1165 1110 1197; x_wconf 77' lang='lat' dir='ltr'>dubia</span> <span class='ocrx_word' id='word_1_148' title='bbox 1127 1164 1339 1207; x_wconf 80' lang='lat' dir='ltr'>(suspecta)</span> <span class='ocrx_word' id='word_1_149' title='bbox 1357 1166 1500 1197; x_wconf 79' lang='lat' dir='ltr'>auctor.</span> 
     </span>
     <span class='ocr_line' id='line_1_22' title="bbox 246 1210 623 1250; baseline -0.003 -9"><span class='ocrx_word' id='word_1_150' title='bbox 246 1210 289 1241; x_wconf 84' lang='lat' dir='ltr'>cf.</span> <span class='ocrx_word' id='word_1_151' title='bbox 315 1211 357 1241; x_wconf 77' lang='lat' dir='ltr'>ad</span> <span class='ocrx_word' id='word_1_152' title='bbox 383 1216 461 1250; x_wconf 56' lang='lat' dir='ltr'>pag.</span> <span class='ocrx_word' id='word_1_153' title='bbox 487 1210 545 1249; x_wconf 81' lang='lat'>40,</span> <span class='ocrx_word' id='word_1_154' title='bbox 570 1210 623 1240; x_wconf 88' lang='grc'>15.</span> 
     </span>
    </p>

    <p class='ocr_par' dir='ltr' id='par_1_9' title="bbox 109 1254 1500 1656">
     <span class='ocr_line' id='line_1_23' title="bbox 109 1254 1498 1295; baseline 0.001 -10"><span class='ocrx_word' id='word_1_155' title='bbox 109 1270 144 1276; x_wconf 91' lang='grc'>-</span> <span class='ocrx_word' id='word_1_156' title='bbox 175 1254 280 1286; x_wconf 84' lang='lat'>-15.</span> <span class='ocrx_word' id='word_1_157' title='bbox 305 1256 348 1286; x_wconf 84' lang='lat' dir='ltr'>ut</span> <span class='ocrx_word' id='word_1_158' title='bbox 369 1254 433 1285; x_wconf 76' lang='lat' dir='ltr'>sibi</span> <span class='ocrx_word' id='word_1_159' title='bbox 458 1254 643 1295; x_wconf 77' lang='lat' dir='ltr'>adferrem</span> <span class='ocrx_word' id='word_1_160' title='bbox 668 1256 837 1287; x_wconf 80' lang='lat' dir='ltr'>iusserat.</span> <span class='ocrx_word' id='word_1_161' title='bbox 885 1256 1020 1286; x_wconf 82' lang='lat' dir='ltr'>Rarior</span> <span class='ocrx_word' id='word_1_162' title='bbox 1045 1256 1131 1286; x_wconf 83' lang='lat' dir='ltr'>baec</span> <span class='ocrx_word' id='word_1_163' title='bbox 1155 1256 1212 1286; x_wconf 82' lang='lat' dir='ltr'>est</span> <span class='ocrx_word' id='word_1_164' title='bbox 1244 1263 1355 1294; x_wconf 88' lang='lat' dir='ltr'>neque</span> <span class='ocrx_word' id='word_1_165' title='bbox 1383 1258 1498 1287; x_wconf 86' lang='lat' dir='ltr'>tamen</span> 
     </span>
     <span class='ocr_line' id='line_1_24' title="bbox 244 1299 1499 1340; baseline -0.001 -9"><span class='ocrx_word' id='word_1_166' title='bbox 244 1299 472 1340; x_wconf 80' lang='lat' dir='ltr'>improbanda</span> <span class='ocrx_word' id='word_1_167' title='bbox 494 1303 686 1331; x_wconf 81' lang='lat' dir='ltr'>structura.</span> <span class='ocrx_word' id='word_1_168' title='bbox 735 1299 787 1331; x_wconf 89' lang='lat' dir='ltr'>Cs.</span> <span class='ocrx_word' id='word_1_169' title='bbox 815 1302 856 1331; x_wconf 84' lang='lat' dir='ltr'>ad</span> <span class='ocrx_word' id='word_1_170' title='bbox 881 1301 1007 1331; x_wconf 85' lang='lat' dir='ltr'>Muret.</span> <span class='ocrx_word' id='word_1_171' title='bbox 1022 1300 1102 1331; x_wconf 79' lang='lat' dir='ltr'>Vol.</span> <span class='ocrx_word' id='word_1_172' title='bbox 1119 1300 1143 1330; x_wconf 94' lang='grc'>1.</span> <span class='ocrx_word' id='word_1_173' title='bbox 1164 1308 1240 1340; x_wconf 81' lang='lat' dir='ltr'>pag.</span> <span class='ocrx_word' id='word_1_174' title='bbox 1256 1300 1332 1331; x_wconf 67' lang='lat'>184.</span> <span class='ocrx_word' id='word_1_175' title='bbox 1359 1301 1499 1340; x_wconf 87' lang='lat' dir='ltr'>Zumpt.</span> 
     </span>
     <span class='ocr_line' id='line_1_25' title="bbox 247 1344 1500 1386; baseline 0 -9"><span class='ocrx_word' id='word_1_176' title='bbox 247 1344 309 1377; x_wconf 81' lang='lat' dir='ltr'>Gr.</span> <span class='ocrx_word' id='word_1_177' title='bbox 333 1345 468 1385; x_wconf 61' lang='lat'>§.612</span> <span class='ocrx_word' id='word_1_178' title='bbox 504 1345 684 1386; x_wconf 86' lang='lat' dir='ltr'>Krueger.</span> <span class='ocrx_word' id='word_1_179' title='bbox 709 1346 741 1385; x_wconf 75' lang='lat' dir='ltr'>S.</span> <span class='ocrx_word' id='word_1_180' title='bbox 768 1345 845 1376; x_wconf 80' lang='lat'>569.</span> <span class='ocrx_word' id='word_1_181' title='bbox 873 1345 951 1376; x_wconf 83' lang='lat' dir='ltr'>adn.</span> <span class='ocrx_word' id='word_1_182' title='bbox 977 1346 1009 1376; x_wconf 92' lang='lat'>1.</span> <span class='ocrx_word' id='word_1_183' title='bbox 1036 1345 1083 1385; x_wconf 87' lang='lat' dir='ltr'>b).</span> <span class='ocrx_word' id='word_1_184' title='bbox 1124 1353 1188 1376; x_wconf 88' lang='lat' dir='ltr'>nec</span> <span class='ocrx_word' id='word_1_185' title='bbox 1221 1347 1365 1376; x_wconf 86' lang='lat' dir='ltr'>minoris</span> <span class='ocrx_word' id='word_1_186' title='bbox 1396 1347 1500 1384; x_wconf 85' lang='lat' dir='ltr'>pretii</span> 
     </span>
     <span class='ocr_line' id='line_1_26' title="bbox 245 1389 1498 1431; baseline 0 -9"><span class='ocrx_word' id='word_1_187' title='bbox 245 1394 301 1422; x_wconf 86' lang='lat' dir='ltr'>est</span> <span class='ocrx_word' id='word_1_188' title='bbox 331 1391 418 1431; x_wconf 85' lang='lat' dir='ltr'>quod</span> <span class='ocrx_word' id='word_1_189' title='bbox 451 1390 582 1431; x_wconf 82' lang='lat' dir='ltr'>legitur</span> <span class='ocrx_word' id='word_1_190' title='bbox 613 1390 700 1430; x_wconf 81' lang='lat' dir='ltr'>apud</span> <span class='ocrx_word' id='word_1_191' title='bbox 727 1390 811 1422; x_wconf 77' lang='lat' dir='ltr'>Ter.</span> <span class='ocrx_word' id='word_1_192' title='bbox 838 1391 961 1422; x_wconf 82' lang='lat' dir='ltr'>Heaut.</span> <span class='ocrx_word' id='word_1_193' title='bbox 989 1391 1054 1430; x_wconf 86' lang='lat' dir='ltr'>lv,</span> <span class='ocrx_word' id='word_1_194' title='bbox 1080 1390 1120 1427; x_wconf 82' lang='lat'>4,</span> <span class='ocrx_word' id='word_1_195' title='bbox 1149 1389 1199 1421; x_wconf 78' lang='grc'>15.</span> <span class='ocrx_word' id='word_1_196' title='bbox 1232 1390 1310 1422; x_wconf 77' lang='lat' dir='ltr'>iube</span> <span class='ocrx_word' id='word_1_197' title='bbox 1340 1391 1498 1422; x_wconf 78' lang='lat' dir='ltr'>maneat.</span> 
     </span>
     <span class='ocr_line' id='line_1_27' title="bbox 244 1435 1498 1476; baseline 0.001 -9"><span class='ocrx_word' id='word_1_198' title='bbox 244 1437 359 1467; x_wconf 79' lang='lat' dir='ltr'>Minus</span> <span class='ocrx_word' id='word_1_199' title='bbox 383 1436 553 1474; x_wconf 80' lang='lat' dir='ltr'>probatur</span> <span class='ocrx_word' id='word_1_200' title='bbox 584 1435 682 1467; x_wconf 77' lang='lat' dir='ltr'>iubeo</span> <span class='ocrx_word' id='word_1_201' title='bbox 708 1435 770 1467; x_wconf 79' lang='lat' dir='ltr'>tibi</span> <span class='ocrx_word' id='word_1_202' title='bbox 794 1436 857 1467; x_wconf 80' lang='lat' dir='ltr'>hoc</span> <span class='ocrx_word' id='word_1_203' title='bbox 878 1435 1001 1476; x_wconf 73' lang='lat' dir='ltr'>facias</span> <span class='ocrx_word' id='word_1_204' title='bbox 1038 1436 1167 1475; x_wconf 81' lang='lat' dir='ltr'>(Tacit.</span> <span class='ocrx_word' id='word_1_205' title='bbox 1191 1436 1281 1466; x_wconf 88' lang='lat' dir='ltr'>Ann.</span> <span class='ocrx_word' id='word_1_206' title='bbox 1304 1435 1408 1474; x_wconf 80' lang='lat' dir='ltr'>xm,</span> <span class='ocrx_word' id='word_1_207' title='bbox 1442 1437 1498 1468; x_wconf 86' lang='lat'>15.</span> 
     </span>
     <span class='ocr_line' id='line_1_28' title="bbox 243 1481 1499 1522; baseline 0 -9"><span class='ocrx_word' id='word_1_208' title='bbox 243 1481 301 1513; x_wconf 78' lang='lat' dir='ltr'>ubi</span> <span class='ocrx_word' id='word_1_209' title='bbox 328 1481 542 1512; x_wconf 70' lang='lat' dir='ltr'>Britannico</span> <span class='ocrx_word' id='word_1_210' title='bbox 563 1482 669 1512; x_wconf 72' lang='lat' dir='ltr'>iussit</span> <span class='ocrx_word' id='word_1_211' title='bbox 677 1503 689 1522; x_wconf 86' lang='lat'><strong><em>,</em></strong></span> <span class='ocrx_word' id='word_1_212' title='bbox 725 1482 940 1521; x_wconf 66' lang='lat' dir='ltr'>exsuryeret</span> <span class='ocrx_word' id='word_1_213' title='bbox 967 1489 1248 1522; x_wconf 68' lang='lat' dir='ltr'>ytroyressusque</span> <span class='ocrx_word' id='word_1_214' title='bbox 1278 1482 1314 1512; x_wconf 81' lang='lat' dir='ltr'>z&#39;n</span> <span class='ocrx_word' id='word_1_215' title='bbox 1347 1481 1499 1513; x_wconf 77' lang='lat' dir='ltr'>medium</span> 
     </span>
     <span class='ocr_line' id='line_1_29' title="bbox 245 1524 1500 1568; baseline 0 -10"><span class='ocrx_word' id='word_1_216' title='bbox 245 1526 393 1558; x_wconf 77' lang='lat' dir='ltr'>cantum</span> <span class='ocrx_word' id='word_1_217' title='bbox 417 1526 572 1567; x_wconf 75' lang='lat' dir='ltr'>aliquem</span> <span class='ocrx_word' id='word_1_218' title='bbox 597 1527 809 1567; x_wconf 80' lang='lat' dir='ltr'>inciperet.)</span> <span class='ocrx_word' id='word_1_219' title='bbox 834 1530 870 1557; x_wconf 90' lang='lat' dir='ltr'>et</span> <span class='ocrx_word' id='word_1_220' title='bbox 893 1524 993 1557; x_wconf 77' lang='lat' dir='ltr'>iubeo</span> <span class='ocrx_word' id='word_1_221' title='bbox 1018 1526 1098 1568; x_wconf 75' lang='lat' dir='ltr'>tibi,</span> <span class='ocrx_word' id='word_1_222' title='bbox 1123 1527 1166 1557; x_wconf 88' lang='lat' dir='ltr'>ut</span> <span class='ocrx_word' id='word_1_223' title='bbox 1190 1526 1254 1556; x_wconf 77' lang='lat' dir='ltr'>hoc</span> <span class='ocrx_word' id='word_1_224' title='bbox 1275 1526 1500 1567; x_wconf 71' lang='lat' dir='ltr'>lacias(&#39;1*a-</span> 
     </span>
     <span class='ocr_line' id='line_1_30' title="bbox 232 1570 1500 1613; baseline 0 -10"><span class='ocrx_word' id='word_1_225' title='bbox 232 1573 304 1603; x_wconf 76' lang='lat' dir='ltr'>cit.</span> <span class='ocrx_word' id='word_1_226' title='bbox 330 1572 422 1602; x_wconf 80' lang='lat' dir='ltr'>Anu.</span> <span class='ocrx_word' id='word_1_227' title='bbox 446 1571 549 1610; x_wconf 85' lang='grc' dir='ltr'>ΧΙΙΙ,</span> <span class='ocrx_word' id='word_1_228' title='bbox 581 1570 634 1603; x_wconf 86' lang='grc'>40.</span> <span class='ocrx_word' id='word_1_229' title='bbox 668 1571 794 1613; x_wconf 76' lang='lat' dir='ltr'>quibas</span> <span class='ocrx_word' id='word_1_230' title='bbox 818 1572 1000 1613; x_wconf 73' lang='lat' dir='ltr'>iusserat,</span> <span class='ocrx_word' id='word_1_231' title='bbox 1036 1573 1078 1603; x_wconf 84' lang='lat' dir='ltr'>ut</span> <span class='ocrx_word' id='word_1_232' title='bbox 1099 1570 1319 1603; x_wconf 79' lang='lat' dir='ltr'>instantibus</span> <span class='ocrx_word' id='word_1_233' title='bbox 1340 1574 1500 1604; x_wconf 79' lang='lat' dir='ltr'>cominus</span> 
     </span>
     <span class='ocr_line' id='line_1_31' title="bbox 243 1617 492 1656; baseline 0 -8"><span class='ocrx_word' id='word_1_234' title='bbox 243 1617 492 1656; x_wconf 75' lang='lat' dir='ltr'>resisterent.)</span> 
     </span>
    </p>

    <p class='ocr_par' dir='ltr' id='par_1_10' title="bbox 110 1661 1499 1747">
     <span class='ocr_line' id='line_1_32' title="bbox 110 1661 1499 1704; baseline 0.001 -11"><span class='ocrx_word' id='word_1_235' title='bbox 110 1676 146 1685; x_wconf 90' lang='lat'>-—</span> <span class='ocrx_word' id='word_1_236' title='bbox 175 1666 318 1694; x_wconf 63' lang='lat' dir='ltr'>—extia</span> <span class='ocrx_word' id='word_1_237' title='bbox 348 1662 554 1704; x_wconf 76' lang='lat' dir='ltr'>repetebat,</span> <span class='ocrx_word' id='word_1_238' title='bbox 593 1661 724 1693; x_wconf 80' lang='lat' dir='ltr'>dicens.</span> <span class='ocrx_word' id='word_1_239' title='bbox 776 1663 990 1702; x_wconf 75' lang='lat' dir='ltr'>proprietati</span> <span class='ocrx_word' id='word_1_240' title='bbox 1025 1663 1199 1694; x_wconf 85' lang='lat' dir='ltr'>sermonis</span> <span class='ocrx_word' id='word_1_241' title='bbox 1235 1662 1350 1694; x_wconf 80' lang='lat' dir='ltr'>Latini</span> <span class='ocrx_word' id='word_1_242' title='bbox 1386 1663 1499 1703; x_wconf 83' lang='lat' dir='ltr'>magis</span> 
     </span>
     <span class='ocr_line' id='line_1_33' title="bbox 245 1707 988 1747; baseline -0.003 -8"><span class='ocrx_word' id='word_1_243' title='bbox 245 1707 547 1739; x_wconf 81' lang='lat' dir='ltr'>accommodatum</span> <span class='ocrx_word' id='word_1_244' title='bbox 571 1711 626 1738; x_wconf 87' lang='lat' dir='ltr'>est</span> <span class='ocrx_word' id='word_1_245' title='bbox 649 1707 815 1747; x_wconf 75' lang='lat' dir='ltr'>repetens</span> <span class='ocrx_word' id='word_1_246' title='bbox 838 1708 988 1739; x_wconf 80' lang='lat' dir='ltr'>dicebat.</span> 
     </span>
    </p>
   </div>
   <div class='ocr_carea' id='block_1_5' title="bbox 24 1747 1497 1784">
    <p class='ocr_par' dir='ltr' id='par_1_11' title="bbox 24 1747 1497 1784">
     <span class='ocr_line' id='line_1_34' title="bbox 24 1747 1497 1784; baseline 0.001 -2"><span class='ocrx_word' id='word_1_247' title='bbox 24 1774 28 1782; x_wconf 55' lang='lat'>.</span> <span class='ocrx_word' id='word_1_248' title='bbox 86 1747 207 1784; x_wconf 63' lang='lat' dir='ltr'>ew.—</span> <span class='ocrx_word' id='word_1_249' title='bbox 224 1752 281 1784; x_wconf 86' lang='grc'>15.</span> <span class='ocrx_word' id='word_1_250' title='bbox 304 1752 517 1784; x_wconf 79' lang='lat' dir='ltr'>Ia&#39;teraram</span> <span class='ocrx_word' id='word_1_251' title='bbox 534 1751 815 1784; x_wconf 75' lang='lat' dir='ltr'>Humanioram.</span> <span class='ocrx_word' id='word_1_252' title='bbox 851 1753 996 1784; x_wconf 78' lang='lat' dir='ltr'>Literae.</span> <span class='ocrx_word' id='word_1_253' title='bbox 1019 1753 1248 1784; x_wconf 77' lang='lat' dir='ltr'>humaniores</span> <span class='ocrx_word' id='word_1_254' title='bbox 1265 1753 1382 1784; x_wconf 82' lang='lat' dir='ltr'>nuuae</span> <span class='ocrx_word' id='word_1_255' title='bbox 1402 1755 1497 1784; x_wconf 88' lang='lat' dir='ltr'>sunt.</span> 
     </span>
    </p>
   </div>
   <div class='ocr_carea' id='block_1_6' title="bbox 245 1796 1497 1883">
    <p class='ocr_par' dir='ltr' id='par_1_12' title="bbox 245 1796 1497 1883">
     <span class='ocr_line' id='line_1_35' title="bbox 246 1796 1497 1839; baseline 0 -10"><span class='ocrx_word' id='word_1_256' title='bbox 246 1798 300 1829; x_wconf 76' lang='lat' dir='ltr'>Cf.</span> <span class='ocrx_word' id='word_1_257' title='bbox 325 1799 368 1829; x_wconf 78' lang='lat' dir='ltr'>ad</span> <span class='ocrx_word' id='word_1_258' title='bbox 391 1798 521 1829; x_wconf 77' lang='lat' dir='ltr'>Mutet.</span> <span class='ocrx_word' id='word_1_259' title='bbox 545 1797 629 1829; x_wconf 80' lang='lat' dir='ltr'>Vol.</span> <span class='ocrx_word' id='word_1_260' title='bbox 653 1798 678 1828; x_wconf 84' lang='grc' dir='ltr'>Ι.</span> <span class='ocrx_word' id='word_1_261' title='bbox 707 1804 785 1838; x_wconf 82' lang='lat' dir='ltr'>pag.</span> <span class='ocrx_word' id='word_1_262' title='bbox 812 1796 888 1828; x_wconf 86' lang='lat'>130.</span> <span class='ocrx_word' id='word_1_263' title='bbox 915 1801 951 1828; x_wconf 88' lang='lat' dir='ltr'>et</span> <span class='ocrx_word' id='word_1_264' title='bbox 975 1798 1050 1829; x_wconf 75' lang='lat'>122.</span> <span class='ocrx_word' id='word_1_265' title='bbox 1076 1807 1128 1838; x_wconf 83' lang='lat' dir='ltr'>sq.</span> <span class='ocrx_word' id='word_1_266' title='bbox 1167 1797 1296 1829; x_wconf 83' lang='lat' dir='ltr'>Krebs.</span> <span class='ocrx_word' id='word_1_267' title='bbox 1319 1798 1341 1829; x_wconf 85' lang='lat'>1.</span> <span class='ocrx_word' id='word_1_268' title='bbox 1367 1798 1391 1829; x_wconf 90' lang='lat'>1.</span> <span class='ocrx_word' id='word_1_269' title='bbox 1417 1806 1497 1839; x_wconf 81' lang='lat' dir='ltr'>pag.</span> 
     </span>
     <span class='ocr_line' id='line_1_36' title="bbox 245 1840 1266 1883; baseline 0 -9"><span class='ocrx_word' id='word_1_270' title='bbox 245 1842 324 1874; x_wconf 79' lang='lat'>390.</span> <span class='ocrx_word' id='word_1_271' title='bbox 372 1843 414 1874; x_wconf 83' lang='grc' dir='ltr'>Η.</span> <span class='ocrx_word' id='word_1_272' title='bbox 439 1842 463 1873; x_wconf 88' lang='lat' dir='ltr'>l.</span> <span class='ocrx_word' id='word_1_273' title='bbox 487 1840 700 1874; x_wconf 78' lang='lat' dir='ltr'>Literarum</span> <span class='ocrx_word' id='word_1_274' title='bbox 724 1843 964 1883; x_wconf 77' lang='lat' dir='ltr'>antiquaram</span> <span class='ocrx_word' id='word_1_275' title='bbox 988 1843 1094 1874; x_wconf 85' lang='lat' dir='ltr'>scribi</span> <span class='ocrx_word' id='word_1_276' title='bbox 1119 1843 1266 1882; x_wconf 82' lang='lat' dir='ltr'>poterat.</span> 
     </span>
    </p>
   </div>
   <div class='ocr_carea' id='block_1_7' title="bbox 109 1897 1498 2078">
    <p class='ocr_par' dir='ltr' id='par_1_13' title="bbox 109 1897 1498 2078">
     <span class='ocr_line' id='line_1_37' title="bbox 109 1897 1498 1941; baseline -0.001 -10"><span class='ocrx_word' id='word_1_277' title='bbox 109 1914 145 1921; x_wconf 93' lang='lat'>—-</span> <span class='ocrx_word' id='word_1_278' title='bbox 173 1913 210 1921; x_wconf 88' lang='lat'>-·</span> <span class='ocrx_word' id='word_1_279' title='bbox 226 1897 282 1930; x_wconf 83' lang='lat'>21.</span> <span class='ocrx_word' id='word_1_280' title='bbox 305 1900 450 1940; x_wconf 78' lang='lat' dir='ltr'>penitus</span> <span class='ocrx_word' id='word_1_281' title='bbox 479 1907 662 1931; x_wconf 84' lang='lat' dir='ltr'>recusare.</span> <span class='ocrx_word' id='word_1_282' title='bbox 711 1899 823 1930; x_wconf 72' lang='lat' dir='ltr'>Haud=</span> <span class='ocrx_word' id='word_1_283' title='bbox 840 1899 946 1930; x_wconf 79' lang='lat' dir='ltr'>facile</span> <span class='ocrx_word' id='word_1_284' title='bbox 977 1900 1030 1941; x_wconf 68' lang='lat' dir='ltr'>sic</span> <span class='ocrx_word' id='word_1_285' title='bbox 1054 1902 1156 1930; x_wconf 86' lang='lat' dir='ltr'>vetus</span> <span class='ocrx_word' id='word_1_286' title='bbox 1180 1899 1336 1939; x_wconf 84' lang='lat' dir='ltr'>scriptor</span> <span class='ocrx_word' id='word_1_287' title='bbox 1359 1900 1498 1938; x_wconf 83' lang='lat' dir='ltr'>dixerit,</span> 
     </span>
     <span class='ocr_line' id='line_1_38' title="bbox 243 1944 1496 1986; baseline 0.001 -11"><span class='ocrx_word' id='word_1_288' title='bbox 243 1945 392 1986; x_wconf 88' lang='lat' dir='ltr'>ideoque</span> <span class='ocrx_word' id='word_1_289' title='bbox 416 1944 640 1975; x_wconf 83' lang='lat' dir='ltr'>scribendum</span> <span class='ocrx_word' id='word_1_290' title='bbox 663 1944 774 1975; x_wconf 85' lang='lat' dir='ltr'>fuisse</span> <span class='ocrx_word' id='word_1_291' title='bbox 806 1949 889 1983; x_wconf 84' lang='lat' dir='ltr'>puto</span> <span class='ocrx_word' id='word_1_292' title='bbox 921 1953 1077 1984; x_wconf 69' lang='lat' dir='ltr'>prorsus</span> <span class='ocrx_word' id='word_1_293' title='bbox 1099 1951 1276 1976; x_wconf 82' lang='lat' dir='ltr'>recusare</span> <span class='ocrx_word' id='word_1_294' title='bbox 1299 1949 1360 1976; x_wconf 81' lang='lat' dir='ltr'>aut</span> <span class='ocrx_word' id='word_1_295' title='bbox 1381 1953 1496 1986; x_wconf 70' lang='lat' dir='ltr'>prae-</span> 
     </span>
     <span class='ocr_line' id='line_1_39' title="bbox 243 1989 1497 2031; baseline 0.001 -10"><span class='ocrx_word' id='word_1_296' title='bbox 243 1991 317 2021; x_wconf 74' lang='lat' dir='ltr'>eise</span> <span class='ocrx_word' id='word_1_297' title='bbox 341 1990 400 2021; x_wconf 88' lang='lat' dir='ltr'>vel</span> <span class='ocrx_word' id='word_1_298' title='bbox 417 1989 593 2020; x_wconf 70' lang='lat' dir='ltr'>obstinate</span> <span class='ocrx_word' id='word_1_299' title='bbox 611 1997 783 2020; x_wconf 80' lang='lat' dir='ltr'>recusare</span> <span class='ocrx_word' id='word_1_300' title='bbox 785 2010 800 2031; x_wconf 59' lang='lat'>2</span> <span class='ocrx_word' id='word_1_301' title='bbox 827 1989 1111 2028; x_wconf 84' lang='lat' dir='ltr'>quemadmodum</span> <span class='ocrx_word' id='word_1_302' title='bbox 1129 1989 1254 2020; x_wconf 88' lang='lat' dir='ltr'>Cicero</span> <span class='ocrx_word' id='word_1_303' title='bbox 1279 1989 1367 2022; x_wconf 87' lang='lat' dir='ltr'>dixit</span> <span class='ocrx_word' id='word_1_304' title='bbox 1382 1997 1497 2031; x_wconf 80' lang='lat' dir='ltr'>prae-</span> 
     </span>
     <span class='ocr_line' id='line_1_40' title="bbox 244 2034 1263 2078; baseline 0.001 -13"><span class='ocrx_word' id='word_1_305' title='bbox 244 2035 336 2078; x_wconf 77' lang='lat' dir='ltr'>eise,</span> <span class='ocrx_word' id='word_1_306' title='bbox 361 2034 536 2066; x_wconf 79' lang='lat' dir='ltr'>obstinate</span> <span class='ocrx_word' id='word_1_307' title='bbox 558 2042 694 2075; x_wconf 73' lang='lat' dir='ltr'>neyare</span> <span class='ocrx_word' id='word_1_308' title='bbox 718 2034 957 2075; x_wconf 70' lang='lat' dir='ltr'>(absclilaqen</span> <span class='ocrx_word' id='word_1_309' title='bbox 969 2056 981 2075; x_wconf 83' lang='grc'>,</span> <span class='ocrx_word' id='word_1_310' title='bbox 1004 2034 1263 2075; x_wconf 72' lang='lat' dir='ltr'>verwez&#39;yern.)</span> 
     </span>
    </p>
   </div>
   <div class='ocr_carea' id='block_1_8' title="bbox 87 2090 1499 2855">
    <p class='ocr_par' dir='ltr' id='par_1_14' title="bbox 107 2090 1499 2448">
     <span class='ocr_line' id='line_1_41' title="bbox 107 2090 1499 2132; baseline 0 -10"><span class='ocrx_word' id='word_1_311' title='bbox 107 2106 145 2114; x_wconf 91' lang='lat'>-</span> <span class='ocrx_word' id='word_1_312' title='bbox 175 2090 280 2122; x_wconf 79' lang='grc'><strong>-22-</strong></span> <span class='ocrx_word' id='word_1_313' title='bbox 305 2092 413 2132; x_wconf 82' lang='lat' dir='ltr'>atque</span> <span class='ocrx_word' id='word_1_314' title='bbox 437 2090 526 2121; x_wconf 85' lang='lat' dir='ltr'>adeo</span> <span class='ocrx_word' id='word_1_315' title='bbox 549 2091 718 2130; x_wconf 68' lang='lat' dir='ltr'>reliyioui</span> <span class='ocrx_word' id='word_1_316' title='bbox 741 2091 889 2122; x_wconf 78' lang='lat' dir='ltr'>ducens.</span> <span class='ocrx_word' id='word_1_317' title='bbox 937 2091 1000 2121; x_wconf 80' lang='lat' dir='ltr'>Hic</span> <span class='ocrx_word' id='word_1_318' title='bbox 1023 2090 1162 2130; x_wconf 87' lang='lat' dir='ltr'>quidem</span> <span class='ocrx_word' id='word_1_319' title='bbox 1188 2092 1389 2122; x_wconf 82' lang='lat' dir='ltr'>rectissime</span> <span class='ocrx_word' id='word_1_320' title='bbox 1405 2093 1499 2122; x_wconf 88' lang='lat' dir='ltr'>scri-</span> 
     </span>
     <span class='ocr_line' id='line_1_42' title="bbox 247 2136 1495 2176; baseline 0.002 -10"><span class='ocrx_word' id='word_1_321' title='bbox 247 2137 318 2175; x_wconf 84' lang='lat' dir='ltr'>psit</span> <span class='ocrx_word' id='word_1_322' title='bbox 349 2136 537 2176; x_wconf 49' lang='lat' dir='ltr'>XVyttenb.</span> <span class='ocrx_word' id='word_1_323' title='bbox 579 2137 688 2167; x_wconf 86' lang='lat' dir='ltr'>toties</span> <span class='ocrx_word' id='word_1_324' title='bbox 721 2144 876 2175; x_wconf 85' lang='lat' dir='ltr'>peccans</span> <span class='ocrx_word' id='word_1_325' title='bbox 914 2138 948 2166; x_wconf 88' lang='lat' dir='ltr'>in</span> <span class='ocrx_word' id='word_1_326' title='bbox 983 2136 1072 2167; x_wconf 80' lang='lat' dir='ltr'>adeo</span> <span class='ocrx_word' id='word_1_327' title='bbox 1104 2136 1248 2167; x_wconf 84' lang='lat' dir='ltr'>adverb.</span> <span class='ocrx_word' id='word_1_328' title='bbox 1284 2138 1495 2176; x_wconf 84' lang='lat' dir='ltr'>usurpando.</span> 
     </span>
     <span class='ocr_line' id='line_1_43' title="bbox 244 2180 1496 2221; baseline 0.001 -9"><span class='ocrx_word' id='word_1_329' title='bbox 244 2180 299 2212; x_wconf 90' lang='lat' dir='ltr'>De</span> <span class='ocrx_word' id='word_1_330' title='bbox 332 2182 540 2221; x_wconf 84' lang='lat' dir='ltr'>loquutione</span> <span class='ocrx_word' id='word_1_331' title='bbox 574 2181 744 2221; x_wconf 69' lang='lat' dir='ltr'>religsioni</span> <span class='ocrx_word' id='word_1_332' title='bbox 774 2182 909 2213; x_wconf 76' lang='lat' dir='ltr'>ducens</span> <span class='ocrx_word' id='word_1_333' title='bbox 945 2182 1133 2221; x_wconf 71' lang='lat' dir='ltr'>(reliyionz&#39;</span> <span class='ocrx_word' id='word_1_334' title='bbox 1163 2181 1230 2212; x_wconf 81' lang='lat' dir='ltr'>sibi</span> <span class='ocrx_word' id='word_1_335' title='bbox 1260 2181 1415 2221; x_wconf 78' lang='lat' dir='ltr'>ducens)</span> <span class='ocrx_word' id='word_1_336' title='bbox 1453 2182 1496 2214; x_wconf 83' lang='lat' dir='ltr'>cf.</span> 
     </span>
     <span class='ocr_line' id='line_1_44' title="bbox 244 2225 1496 2269; baseline 0.001 -12"><span class='ocrx_word' id='word_1_337' title='bbox 244 2227 319 2258; x_wconf 88' lang='lat' dir='ltr'>Cic.</span> <span class='ocrx_word' id='word_1_338' title='bbox 346 2227 389 2257; x_wconf 87' lang='lat' dir='ltr'>de</span> <span class='ocrx_word' id='word_1_339' title='bbox 414 2226 480 2258; x_wconf 84' lang='lat' dir='ltr'>Off.</span> <span class='ocrx_word' id='word_1_340' title='bbox 513 2226 563 2265; x_wconf 88' lang='grc' dir='ltr'>ΙΙ,</span> <span class='ocrx_word' id='word_1_341' title='bbox 588 2226 650 2263; x_wconf 82' lang='lat'>14,</span> <span class='ocrx_word' id='word_1_342' title='bbox 675 2226 730 2258; x_wconf 82' lang='lat'>51.</span> <span class='ocrx_word' id='word_1_343' title='bbox 769 2225 844 2258; x_wconf 83' lang='lat' dir='ltr'>Nec</span> <span class='ocrx_word' id='word_1_344' title='bbox 874 2228 994 2258; x_wconf 79' lang='lat' dir='ltr'>tamen</span> <span class='ocrx_word' id='word_1_345' title='bbox 1026 2227 1068 2257; x_wconf 89' lang='lat' dir='ltr'>ut</span> <span class='ocrx_word' id='word_1_346' title='bbox 1096 2227 1160 2258; x_wconf 77' lang='lat' dir='ltr'>hoc</span> <span class='ocrx_word' id='word_1_347' title='bbox 1187 2227 1396 2267; x_wconf 58' lang='lat' dir='ltr'>sumendum</span> <span class='ocrx_word' id='word_1_348' title='bbox 1427 2228 1496 2269; x_wconf 80' lang='lat' dir='ltr'>est,</span> 
     </span>
     <span class='ocr_line' id='line_1_45' title="bbox 242 2272 1497 2313; baseline 0.001 -10"><span class='ocrx_word' id='word_1_349' title='bbox 242 2273 296 2304; x_wconf 78' lang='lat' dir='ltr'>ita</span> <span class='ocrx_word' id='word_1_350' title='bbox 319 2272 518 2304; x_wconf 76' lang='lat' dir='ltr'>habendum</span> <span class='ocrx_word' id='word_1_351' title='bbox 541 2273 595 2302; x_wconf 85' lang='lat' dir='ltr'>est</span> <span class='ocrx_word' id='word_1_352' title='bbox 615 2272 800 2313; x_wconf 70' lang='lat' dir='ltr'>reltgyiom‘,</span> <span class='ocrx_word' id='word_1_353' title='bbox 826 2272 1047 2303; x_wconf 78' lang='lat' dir='ltr'>innocentem</span> <span class='ocrx_word' id='word_1_354' title='bbox 1072 2272 1270 2312; x_wconf 76' lang='lat' dir='ltr'>aliquando</span> <span class='ocrx_word' id='word_1_355' title='bbox 1282 2294 1295 2313; x_wconf 62' lang='lat'><em>9</em></span> <span class='ocrx_word' id='word_1_356' title='bbox 1326 2272 1428 2304; x_wconf 82' lang='lat' dir='ltr'>modo</span> <span class='ocrx_word' id='word_1_357' title='bbox 1452 2281 1497 2304; x_wconf 83' lang='lat' dir='ltr'>ne</span> 
     </span>
     <span class='ocr_line' id='line_1_46' title="bbox 245 2316 1496 2358; baseline 0 -10"><span class='ocrx_word' id='word_1_358' title='bbox 245 2317 428 2358; x_wconf 79' lang='lat' dir='ltr'>nefarium</span> <span class='ocrx_word' id='word_1_359' title='bbox 452 2318 669 2357; x_wconf 73' lang='lat' dir='ltr'>impiumque</span> <span class='ocrx_word' id='word_1_360' title='bbox 691 2317 894 2356; x_wconf 70' lang='lat' dir='ltr'>defendere.</span> <span class='ocrx_word' id='word_1_361' title='bbox 929 2317 970 2348; x_wconf 92' lang='lat' dir='ltr'>de</span> <span class='ocrx_word' id='word_1_362' title='bbox 996 2317 1074 2347; x_wconf 89' lang='lat' dir='ltr'>Div.</span> <span class='ocrx_word' id='word_1_363' title='bbox 1100 2316 1133 2353; x_wconf 90' lang='grc' dir='ltr'>Ι,</span> <span class='ocrx_word' id='word_1_364' title='bbox 1158 2317 1212 2347; x_wconf 85' lang='grc'>35.</span> <span class='ocrx_word' id='word_1_365' title='bbox 1245 2318 1329 2348; x_wconf 81' lang='lat' dir='ltr'>ante</span> <span class='ocrx_word' id='word_1_366' title='bbox 1353 2319 1496 2358; x_wconf 75' lang='lat' dir='ltr'>sz&#39;ynum</span> 
     </span>
     <span class='ocr_line' id='line_1_47' title="bbox 245 2361 1496 2403; baseline 0.001 -10"><span class='ocrx_word' id='word_1_367' title='bbox 245 2361 341 2394; x_wconf 75' lang='lat' dir='ltr'>Iovis</span> <span class='ocrx_word' id='word_1_368' title='bbox 372 2363 533 2394; x_wconf 78' lang='lat' dir='ltr'>Statoris</span> <span class='ocrx_word' id='word_1_369' title='bbox 572 2363 646 2393; x_wconf 70' lang='lat' dir='ltr'>siue</span> <span class='ocrx_word' id='word_1_370' title='bbox 675 2371 787 2395; x_wconf 75' lang='lat' dir='ltr'>causa</span> <span class='ocrx_word' id='word_1_371' title='bbox 819 2363 964 2402; x_wconf 74' lang='lat' dir='ltr'>repente</span> <span class='ocrx_word' id='word_1_372' title='bbox 995 2361 1178 2403; x_wconf 74' lang='lat' dir='ltr'>concidit,</span> <span class='ocrx_word' id='word_1_373' title='bbox 1213 2371 1275 2394; x_wconf 85' lang='lat' dir='ltr'>nec</span> <span class='ocrx_word' id='word_1_374' title='bbox 1310 2371 1388 2394; x_wconf 82' lang='lat' dir='ltr'>eam</span> <span class='ocrx_word' id='word_1_375' title='bbox 1419 2370 1496 2395; x_wconf 87' lang='lat' dir='ltr'>rem</span> 
     </span>
     <span class='ocr_line' id='line_1_48' title="bbox 243 2407 567 2448; baseline -0.003 -10"><span class='ocrx_word' id='word_1_376' title='bbox 243 2407 367 2439; x_wconf 79' lang='lat' dir='ltr'>habuit</span> <span class='ocrx_word' id='word_1_377' title='bbox 388 2408 567 2448; x_wconf 69' lang='lat' dir='ltr'>reliyioni.</span> 
     </span>
    </p>

    <p class='ocr_par' dir='ltr' id='par_1_15' title="bbox 87 2451 991 2494">
     <span class='ocr_line' id='line_1_49' title="bbox 87 2451 991 2494; baseline -0.003 -10"><span class='ocrx_word' id='word_1_378' title='bbox 87 2451 205 2484; x_wconf 66' lang='lat'><strong>27¹2—</strong></span> <span class='ocrx_word' id='word_1_379' title='bbox 223 2452 256 2484; x_wconf 92' lang='lat'>1.</span> <span class='ocrx_word' id='word_1_380' title='bbox 278 2454 402 2494; x_wconf 73' lang='lat' dir='ltr'>patris</span> <span class='ocrx_word' id='word_1_381' title='bbox 424 2453 557 2483; x_wconf 82' lang='lat' dir='ltr'>instar.</span> <span class='ocrx_word' id='word_1_382' title='bbox 607 2451 659 2482; x_wconf 86' lang='lat' dir='ltr'>Cf.</span> <span class='ocrx_word' id='word_1_383' title='bbox 685 2452 728 2484; x_wconf 83' lang='lat' dir='ltr'>ad</span> <span class='ocrx_word' id='word_1_384' title='bbox 753 2459 832 2493; x_wconf 81' lang='lat' dir='ltr'>pag.</span> <span class='ocrx_word' id='word_1_385' title='bbox 856 2451 934 2486; x_wconf 84' lang='lat'>151.</span> <span class='ocrx_word' id='word_1_386' title='bbox 959 2453 991 2483; x_wconf 85' lang='lat'>3.</span> 
     </span>
    </p>

    <p class='ocr_par' dir='ltr' id='par_1_16' title="bbox 111 2497 1497 2855">
     <span class='ocr_line' id='line_1_50' title="bbox 111 2497 1497 2537; baseline -0.001 -8"><span class='ocrx_word' id='word_1_387' title='bbox 111 2514 141 2521; x_wconf 88' lang='lat'>-</span> <span class='ocrx_word' id='word_1_388' title='bbox 173 2498 258 2529; x_wconf 85' lang='lat'>——3.</span> <span class='ocrx_word' id='word_1_389' title='bbox 283 2498 459 2529; x_wconf 77' lang='lat' dir='ltr'>abdicatis</span> <span class='ocrx_word' id='word_1_390' title='bbox 486 2497 737 2529; x_wconf 77' lang='lat' dir='ltr'>Curatoribns.</span> <span class='ocrx_word' id='word_1_391' title='bbox 784 2499 883 2537; x_wconf 87' lang='lat' dir='ltr'>Apud</span> <span class='ocrx_word' id='word_1_392' title='bbox 917 2501 1110 2537; x_wconf 80' lang='lat' dir='ltr'>argenteae</span> <span class='ocrx_word' id='word_1_393' title='bbox 1143 2499 1337 2537; x_wconf 81' lang='lat' dir='ltr'>scriptores</span> <span class='ocrx_word' id='word_1_394' title='bbox 1366 2498 1497 2529; x_wconf 84' lang='lat' dir='ltr'>aetatis</span> 
     </span>
     <span class='ocr_line' id='line_1_51' title="bbox 245 2542 1495 2584; baseline 0 -10"><span class='ocrx_word' id='word_1_395' title='bbox 245 2542 358 2584; x_wconf 83' lang='lat' dir='ltr'>(velut</span> <span class='ocrx_word' id='word_1_396' title='bbox 381 2542 664 2581; x_wconf 78' lang='lat' dir='ltr'>Quinctiiianum)</span> <span class='ocrx_word' id='word_1_397' title='bbox 694 2551 763 2574; x_wconf 88' lang='lat' dir='ltr'>non</span> <span class='ocrx_word' id='word_1_398' title='bbox 799 2551 882 2574; x_wconf 86' lang='lat' dir='ltr'>raro</span> <span class='ocrx_word' id='word_1_399' title='bbox 915 2543 1046 2583; x_wconf 78' lang='lat' dir='ltr'>legitur</span> <span class='ocrx_word' id='word_1_400' title='bbox 1077 2543 1247 2575; x_wconf 78' lang='lat' dir='ltr'>abdicare</span> <span class='ocrx_word' id='word_1_401' title='bbox 1268 2542 1409 2584; x_wconf 73' lang='lat' dir='ltr'>filium,</span> <span class='ocrx_word' id='word_1_402' title='bbox 1446 2543 1495 2574; x_wconf 73' lang='lat' dir='ltr'>li-</span> 
     </span>
     <span class='ocr_line' id='line_1_52' title="bbox 244 2587 1495 2628; baseline -0.001 -8"><span class='ocrx_word' id='word_1_403' title='bbox 244 2589 368 2626; x_wconf 85' lang='lat' dir='ltr'>beros,·</span> <span class='ocrx_word' id='word_1_404' title='bbox 405 2589 533 2628; x_wconf 84' lang='lat' dir='ltr'>legitur</span> <span class='ocrx_word' id='word_1_405' title='bbox 563 2589 667 2620; x_wconf 81' lang='lat' dir='ltr'>etiam</span> <span class='ocrx_word' id='word_1_406' title='bbox 699 2589 870 2620; x_wconf 79' lang='lat' dir='ltr'>abdicare</span> <span class='ocrx_word' id='word_1_407' title='bbox 898 2590 1041 2628; x_wconf 75' lang='lat' dir='ltr'>patrem</span> <span class='ocrx_word' id='word_1_408' title='bbox 1073 2588 1117 2620; x_wconf 87' lang='lat' dir='ltr'>de</span> <span class='ocrx_word' id='word_1_409' title='bbox 1140 2587 1212 2620; x_wconf 80' lang='lat' dir='ltr'>filio</span> <span class='ocrx_word' id='word_1_410' title='bbox 1237 2593 1370 2628; x_wconf 80' lang='lat' dir='ltr'>patrem</span> <span class='ocrx_word' id='word_1_411' title='bbox 1395 2596 1495 2619; x_wconf 86' lang='lat' dir='ltr'>suum</span> 
     </span>
     <span class='ocr_line' id='line_1_53' title="bbox 243 2631 1494 2674; baseline -0.001 -9"><span class='ocrx_word' id='word_1_412' title='bbox 243 2636 427 2665; x_wconf 84' lang='lat' dir='ltr'>reiiciente</span> <span class='ocrx_word' id='word_1_413' title='bbox 451 2632 541 2674; x_wconf 89' lang='lat' dir='ltr'>(Liv.</span> <span class='ocrx_word' id='word_1_414' title='bbox 568 2634 651 2671; x_wconf 77' lang='lat' dir='ltr'>XL,</span> <span class='ocrx_word' id='word_1_415' title='bbox 677 2631 729 2664; x_wconf 88' lang='lat'>11.</span> <span class='ocrx_word' id='word_1_416' title='bbox 756 2633 853 2665; x_wconf 87' lang='lat' dir='ltr'>Curt.</span> <span class='ocrx_word' id='word_1_417' title='bbox 876 2633 937 2673; x_wconf 87' lang='lat' dir='ltr'>IV,</span> <span class='ocrx_word' id='word_1_418' title='bbox 962 2634 1027 2673; x_wconf 90' lang='grc'>10,</span> <span class='ocrx_word' id='word_1_419' title='bbox 1053 2631 1101 2673; x_wconf 90' lang='lat'>3.)</span> <span class='ocrx_word' id='word_1_420' title='bbox 1126 2633 1188 2664; x_wconf 87' lang='lat' dir='ltr'>sed</span> <span class='ocrx_word' id='word_1_421' title='bbox 1214 2634 1383 2665; x_wconf 79' lang='lat' dir='ltr'>abdicare</span> <span class='ocrx_word' id='word_1_422' title='bbox 1406 2642 1494 2665; x_wconf 81' lang='lat' dir='ltr'>con—</span> 
     </span>
     <span class='ocr_line' id='line_1_54' title="bbox 241 2679 1496 2721; baseline -0.002 -11"><span class='ocrx_word' id='word_1_423' title='bbox 241 2680 372 2720; x_wconf 80' lang='lat' dir='ltr'>sulem,</span> <span class='ocrx_word' id='word_1_424' title='bbox 395 2679 618 2721; x_wconf 64' lang='lat' dir='ltr'>praetorem,</span> <span class='ocrx_word' id='word_1_425' title='bbox 643 2680 858 2716; x_wconf 79' lang='lat' dir='ltr'>senatorem,</span> <span class='ocrx_word' id='word_1_426' title='bbox 881 2679 1031 2710; x_wconf 77' lang='lat' dir='ltr'>iudicem</span> <span class='ocrx_word' id='word_1_427' title='bbox 1056 2682 1092 2710; x_wconf 89' lang='lat' dir='ltr'>et</span> <span class='ocrx_word' id='word_1_428' title='bbox 1115 2680 1242 2711; x_wconf 84' lang='lat' dir='ltr'>similia</span> <span class='ocrx_word' id='word_1_429' title='bbox 1267 2687 1370 2710; x_wconf 90' lang='lat' dir='ltr'>nemo</span> <span class='ocrx_word' id='word_1_430' title='bbox 1396 2679 1496 2709; x_wconf 82' lang='lat' dir='ltr'>dixit.</span> 
     </span>
     <span class='ocr_line' id='line_1_55' title="bbox 243 2724 1495 2762; baseline -0.001 -7"><span class='ocrx_word' id='word_1_431' title='bbox 243 2724 480 2762; x_wconf 82' lang='lat' dir='ltr'>Quamobrem</span> <span class='ocrx_word' id='word_1_432' title='bbox 510 2725 657 2756; x_wconf 75' lang='lat' dir='ltr'>remotis</span> <span class='ocrx_word' id='word_1_433' title='bbox 689 2724 744 2754; x_wconf 79' lang='lat' dir='ltr'>vei</span> <span class='ocrx_word' id='word_1_434' title='bbox 775 2724 944 2755; x_wconf 75' lang='lat' dir='ltr'>submotis</span> <span class='ocrx_word' id='word_1_435' title='bbox 978 2724 1219 2756; x_wconf 68' lang='lat' dir='ltr'>Ota-utoribas</span> <span class='ocrx_word' id='word_1_436' title='bbox 1254 2729 1313 2756; x_wconf 82' lang='lat' dir='ltr'>aut</span> <span class='ocrx_word' id='word_1_437' title='bbox 1349 2725 1495 2756; x_wconf 78' lang='lat' dir='ltr'>remotis</span> 
     </span>
     <span class='ocr_line' id='line_1_56' title="bbox 241 2768 1495 2810; baseline 0 -10"><span class='ocrx_word' id='word_1_438' title='bbox 241 2768 456 2808; x_wconf 77' lang='lat' dir='ltr'>(submotis)</span> <span class='ocrx_word' id='word_1_439' title='bbox 491 2779 515 2801; x_wconf 83' lang='lat' dir='ltr'>a</span> <span class='ocrx_word' id='word_1_440' title='bbox 544 2778 621 2810; x_wconf 83' lang='lat' dir='ltr'>rep.</span> <span class='ocrx_word' id='word_1_441' title='bbox 657 2768 894 2801; x_wconf 79' lang='lat' dir='ltr'>Guratorz&#39;bus</span> <span class='ocrx_word' id='word_1_442' title='bbox 933 2769 1153 2801; x_wconf 88' lang='lat' dir='ltr'>scribendum</span> <span class='ocrx_word' id='word_1_443' title='bbox 1183 2773 1283 2802; x_wconf 86' lang='lat' dir='ltr'>erat:</span> <span class='ocrx_word' id='word_1_444' title='bbox 1326 2771 1382 2803; x_wconf 92' lang='lat' dir='ltr'>cui</span> <span class='ocrx_word' id='word_1_445' title='bbox 1413 2776 1495 2801; x_wconf 84' lang='lat' dir='ltr'>mox</span> 
     </span>
     <span class='ocr_line' id='line_1_57' title="bbox 243 2813 1127 2855; baseline 0 -9"><span class='ocrx_word' id='word_1_446' title='bbox 243 2816 434 2855; x_wconf 82' lang='lat' dir='ltr'>opponitur</span> <span class='ocrx_word' id='word_1_447' title='bbox 455 2814 646 2847; x_wconf 73' lang='lat' dir='ltr'>restitutis.</span> <span class='ocrx_word' id='word_1_448' title='bbox 694 2814 748 2846; x_wconf 81' lang='lat' dir='ltr'>Cf.</span> <span class='ocrx_word' id='word_1_449' title='bbox 773 2822 881 2855; x_wconf 80' lang='lat' dir='ltr'>supra</span> <span class='ocrx_word' id='word_1_450' title='bbox 902 2814 947 2846; x_wconf 80' lang='lat' dir='ltr'>ad</span> <span class='ocrx_word' id='word_1_451' title='bbox 973 2813 1050 2855; x_wconf 79' lang='lat'>170,</span> <span class='ocrx_word' id='word_1_452' title='bbox 1076 2814 1127 2847; x_wconf 82' lang='lat'>15.</span> 
     </span>
    </p>
   </div>
  </div>
 </body>
</html>
