1833 3237
894 173 1163 214 ..90—

335 289 485 325 Timaei
514 289 697 325 Leoeicon
733 289 882 325 vocum
913 290 1209 325 Platonicorum
1253 299 1342 326 cum
1370 291 1728 327 animadversioni-
1773 299 1783 305 ·

331 347 401 382 bus
438 346 605 381 Dat-Mis
636 344 884 381 Ruhnkenii:
926 349 1067 391 narrat,
1103 356 1147 381 se
1179 347 1281 381 hunc
1309 347 1384 382 sibi
1414 348 1583 383 libellum
1615 357 1726 382 com-

330 412 490 447 parasse
531 411 577 435 ea
608 401 787 447 opinione
816 406 855 438 et
885 413 972 448 spe,
1013 405 1055 438 ut
1087 413 1153 449 per
1184 413 1270 437 eum
1301 402 1499 439 iuvaretur
1528 405 1573 439 ad
1604 403 1726 439 intel-

329 458 530 505 ligentiam
577 458 728 505 Dialogi
761 459 923 505 Timaei,
967 469 1076 504 quem
1109 458 1372 506 cognoscendi
1405 459 1575 495 Platonis
1605 470 1726 495 caus-

329 524 374 548 sa
414 513 550 559 legere
586 513 847 550 instituisset:
889 515 957 550 sed
990 515 1196 562 Dialogum
1238 515 1389 560 quidem
1422 516 1619 551 Timaeum
1652 526 1724 551 non

329 569 594 604 dilucidiorem
633 561 740 605 reddi
771 581 843 616 ope
880 571 1017 606 Lexici
1049 570 1216 616 Timaei,
1246 576 1283 606 et
1313 571 1551 619 singularem
1584 572 1726 607 habere

329 624 596 661 difficultatem
645 630 760 673 atque
805 627 1049 662 insolentiam
1100 629 1289 663 rationum
1340 627 1725 663 Mathematicarum:

327 678 453 731 ,‚his‘⁴
510 682 636 727 inquit
681 683 999 730 „difficultatibus
1052 684 1240 731 fatigatus
1281 694 1304 718 a
1345 684 1516 719 Platonis
1560 683 1727 719 lectione

328 737 510 784 „destiti;
540 739 662 785 igitur
694 741 797 775 hunc
827 740 1000 774 libellum
1032 739 1099 774 tibi
1130 740 1200 787 do,
1232 740 1294 775 cui
1326 741 1426 776 forte
1456 741 1543 786 plus
1574 739 1726 775 utilita-

327 794 403 840 ‚,tis
442 794 611 838 adseret,
662 795 803 841 quippe
834 797 898 841 qui
950 798 1067 830 totum
1102 796 1296 831 Platonem
1335 796 1469 843 legere
1511 806 1728 844 aggressus

328 849 438 896 „es.“
496 852 546 886 Et
577 854 658 886 erat
694 851 1037 898 ingeniosissimus
1066 851 1222 887 iuvenis
1254 853 1599 898 Hassenkampius,
1625 852 1727 888 Lin-

327 916 430 954 guae
449 907 622 943 Graecae
652 908 797 953 peritus
835 909 881 943 ad
914 919 999 944 eum
1030 910 1142 944 finem
1181 912 1223 944 ut
1247 909 1425 956 legendis
1465 909 1728 953 scriptoribus

233 965 312 1001 150
329 973 390 998 res
430 974 476 998 ac
523 974 679 999 sensum
728 965 843 1000 facile
883 968 1178 1011 assequeretur,
1230 969 1268 1000 et
1307 975 1398 1000 vero
1441 964 1727 1000 mathematicis

326 1019 468 1055 studiis
500 1021 617 1065 probe
647 1021 903 1069 exercitatus,
934 1021 1001 1056 scd
1034 1021 1209 1056 nimirum
1241 1022 1279 1056 in
1312 1031 1357 1056 eo
1387 1021 1595 1067 deceptus,
1627 1021 1726 1066 quod

324 1075 483 1122 legendi
525 1076 694 1111 Platonis
734 1076 883 1112 initium
927 1087 1000 1112 non
1041 1086 1063 1110 a
1103 1077 1363 1112 Grammatica
1400 1076 1728 1122 interpretatione,

324 1131 463 1167 deinde
501 1132 601 1177 quod
631 1143 654 1166 a
693 1132 857 1180 Dialogo
897 1134 1078 1182 Timaeo,
1125 1133 1298 1171 duceret.
1359 1135 1445 1180 Ego
1486 1133 1656 1168 libellum
1687 1136 1730 1168 ut

325 1187 366 1224 in
397 1198 531 1223 manus
561 1188 729 1235 accipio,
772 1190 826 1224 ita
856 1189 1012 1225 evolvo:
1045 1189 1158 1224 miror
1189 1189 1482 1225 commentarios
1513 1189 1659 1234 amplos
1691 1192 1729 1224 et

327 1244 513 1289 eruditos,
543 1244 678 1289 quales
710 1255 913 1290 numquam
944 1246 1138 1281 videram:
1171 1256 1313 1292 quaero
1343 1256 1461 1281 voces
1494 1245 1585 1281 mihi
1616 1248 1726 1280 notas

328 1303 367 1336 et
395 1311 417 1335 a
457 1311 517 1336 me
548 1300 643 1336 meis
673 1301 711 1336 in
751 1302 1153 1338 animadversionibus
1184 1305 1390 1339 tractatas:
1432 1313 1576 1348 paucas
1606 1301 1726 1337 inve-

327 1357 416 1392 nio:
448 1357 517 1392 sed
548 1367 644 1402 quas
674 1357 844 1404 invenio,
874 1368 940 1393 eas
974 1358 1085 1394 video
1117 1359 1305 1394 eiusmodi
1336 1358 1486 1394 ratione
1516 1358 1726 1405 expositas,

326 1423 373 1448 ea
404 1413 491 1448 luce
521 1413 756 1459 illustratas,
788 1415 936 1459 qualem
970 1418 1226 1460 quantamque
1258 1416 1385 1451 adhuc
1416 1425 1489 1450 non
1523 1424 1726 1462 cognove-

326 1479 417 1504 ram.
476 1471 572 1506 Tum
612 1480 703 1505 vero
742 1470 964 1518 intelligere
1002 1471 1110 1517 coepi
1143 1482 1215 1506 non
1255 1472 1377 1507 solum
1413 1481 1481 1516 per
1519 1481 1563 1506 se
1604 1461 1726 1516 ipsam

325 1526 561 1561 fructuosam
585 1537 673 1562 esse
697 1527 871 1562 Platonis
902 1528 1104 1563 lectionem
1128 1528 1171 1562 ad
1193 1538 1330 1571 mores,
1350 1527 1530 1571 animum,
1564 1526 1726 1575 ingeni-

327 1592 402 1629 um,
429 1583 652 1632 orationem,
685 1583 904 1619 disserendi
923 1584 1180 1632 elegantiam,
1215 1584 1434 1620 interiorem
1456 1583 1729 1628 Philosophiae

326 1643 364 1674 et
382 1638 598 1674 Literarum
616 1638 851 1674 Graecarum
870 1640 1152 1688 cognitionem:
1173 1641 1241 1675 scd
1259 1641 1480 1688 verolonge
1501 1639 1729 1675 fructuosis-

325 1695 460 1730 simam
483 1695 528 1730 ad
550 1705 682 1731 omnes
702 1700 878 1740 posteros
899 1701 937 1732 et
960 1698 1129 1733 Graecos
1149 1700 1185 1732 et
1209 1697 1366 1733 Latinos
1381 1697 1600 1743 Scriptores
1621 1699 1728 1732 recte

324 1751 615 1797 intelligendos,
629 1752 771 1796 quippe
785 1763 851 1797 per
866 1752 935 1787 hos
953 1763 1083 1788 omnes
1102 1756 1138 1787 et
1160 1763 1227 1798 per
1247 1754 1469 1788 universum
1485 1753 1727 1798 antiquarum

325 1806 583 1842 doctrinarum
614 1808 743 1842 orbem
766 1808 881 1855 longe
902 1809 1056 1853 lateque
1076 1809 1264 1845 diffusam.
1304 1809 1398 1844 Inde
1422 1820 1489 1854 per
1509 1809 1731 1853 complures

325 1862 511 1908 deinceps
542 1873 663 1899 annos
684 1864 832 1899 Timaei
855 1864 1024 1900 Lexicon
1051 1865 1143 1899 mihi
1167 1865 1241 1900 fuit
1272 1865 1538 1909 enchiridion,
1575 1864 1675 1910 quod
1705 1874 1727 1900 e

326 1919 504 1954 manibus
536 1930 739 1965 numquam
769 1930 970 1965 ponerem,
994 1921 1106 1956 cuius
1140 1921 1231 1956 mihi
1259 1925 1450 1966 tamquam
1470 1922 1726 1956 instrumento

326 1975 500 2011 Platonis
530 1976 794 2021 cognitionem
824 1978 1095 2021 patefacerem.
1159 1977 1258 2012 Nam
1282 1977 1395 2012 hu'ius
1425 1977 1565 2012 acriori
1598 1977 1727 2012 indies

327 2032 455 2067 studio
480 2032 681 2078 incitabar,
713 2035 754 2067 ut
785 2043 868 2067 eum
891 2033 964 2068 iam
998 2043 1070 2068 non
1094 2033 1218 2068 solum
1249 2033 1365 2068 animi
1395 2044 1513 2069 sensu
1545 2043 1726 2084 amarem,

327 2088 395 2123 sed
423 2088 573 2123 ratione
594 2088 814 2133 iudicioque
837 2089 1056 2136 diligerem.
1097 2090 1370 2125 Ruhnkenium
1394 2094 1521 2126 autem
1552 2093 1589 2126 et
1615 2100 1726 2125 ama-

327 2144 426 2186 bam,
445 2148 600 2190 propter
616 2155 852 2180 communem
873 2145 1046 2181 Platonis
1070 2155 1249 2187 amorem,
1277 2150 1318 2182 et
1340 2147 1550 2194 diligebam
1571 2150 1727 2192 propter

235 2196 527 2236 151doctrinae
557 2203 722 2237 fructum
746 2202 916 2246 quotidie
949 2211 996 2237 ex
1017 2202 1102 2236 eius
1128 2202 1282 2237 Timaeo
1314 2207 1554 2247 perceptum:
1587 2202 1726 2237 Ruhn-

329 2257 486 2293 kenium
517 2257 599 2293 dies
631 2261 841 2302 noctesque
868 2258 1106 2305 cogitabam:
1139 2259 1409 2294 Rubnkenium
1441 2259 1479 2293 in
1510 2257 1630 2293 oculis
1662 2260 1727 2292 fe-

329 2314 480 2349 rebam:
521 2314 791 2349 Ruhnkenium
832 2318 872 2350 ut
904 2315 1056 2350 unicum
1089 2315 1283 2350 doctorem
1314 2318 1351 2350 et
1377 2315 1537 2349 alterum
1568 2317 1725 2361 patrem,

331 2369 500 2405 colebam
537 2370 716 2418 ignotus,
766 2374 803 2405 et
841 2371 1006 2406 subinde
1045 2371 1182 2418 legens
1223 2372 1308 2406 eius
1356 2371 1727 2417 animadversiones,

329 2426 557 2473 cogitationi
586 2427 660 2472 ipsi
691 2437 800 2462 meae
831 2427 1056 2478 indulgens,
1089 2438 1216 2463 coram
1248 2438 1330 2462 cum
1363 2437 1406 2463 eo
1438 2427 1602 2472 colloqui
1633 2427 1726 2462 mihi

330 2482 507 2530 videbar,
538 2493 621 2519 mox
641 2493 662 2517 a
683 2483 823 2519 mentis
843 2494 974 2519 errore
1006 2485 1053 2519 ad
1084 2495 1144 2520 me
1174 2483 1327 2519 rediens
1357 2484 1452 2519 illud
1482 2484 1726 2530 usurpabam,

413 2560 509 2604 Quid
543 2565 670 2597 natum
702 2562 840 2604 toties,
881 2562 1050 2598 crudelis
1081 2566 1122 2597 tu
1153 2572 1325 2611 quoque,
1358 2563 1470 2597 salsis

415 2617 536 2652 Ludis
567 2617 834 2666 imaginibus?
877 2630 945 2655 cur
975 2619 1135 2654 dextrae
1165 2619 1328 2666 iungere
1354 2619 1530 2654 dextram

413 2674 501 2709 Non
530 2673 663 2723 datur,
706 2686 751 2711 ac
782 2686 896 2712 veras
926 2675 1061 2712 audire
1092 2678 1127 2711 et
1160 2675 1321 2711 reddere
1352 2673 1500 2711 voces?
1520 2672 1558 2724 *j

327 2772 357 2813 ⁸)
383 2775 482 2815 Virg.
510 2775 597 2805 Aen.
625 2775 651 2815 1,
676 2774 752 2806 407.
