1816 3233
645 228 954 269 ,133-

89 340 374 386 θενί-ιίῖῑὶῐίοἰε
414 341 530 390 longe
561 343 818 390 antecellere,
857 345 1062 391 censebat3
1103 345 1160 381 ita
1201 347 1343 392 primas
1374 351 1502 392 partes

88 396 273 445 ingenio,
312 395 541 447 ingeniique
571 399 748 434 Bentleio
779 399 1001 435 tribuebat:
1045 401 1160 447 eique
1200 413 1273 438 sua
1309 404 1396 450 ipse
1428 415 1499 440 na-

87 453 243 488 turaiiu
272 454 374 488 omni
405 454 573 490 Critiees
604 465 762 490 munere
791 455 954 491 similior
984 460 1077 494 erat.
1140 458 1268 506 Igitur
1293 460 1501 506 uti-iusque

86 508 319 555 instuit-aque
351 510 538 546 facultate
567 510 783 556 specimina
812 515 970 547 exstant
1002 513 1215 560 palmaria3
1248 526 1332 551 cum
1364 526 1500 552 emen-

86 564 262 600 dationes
292 565 543 601 felicissimae
573 567 897 615 innumerabiles,
937 572 1015 604 tum
1046 569 1330 614 disputationes
1369 573 1498 609 subti-

86 620 258 656 lissimae
289 622 527 667 complures:
566 623 816 659 Bentleianae
829 620 868 668 *)
900 625 1073 669 quidem,
1119 626 1166 661 de
1196 628 1341 672 spuriis
1372 630 1499 664 Grae-

87 686 218 712 corum
250 677 464 726 Epistolis,
506 678 722 714 Phalaridis
753 683 790 714 et
820 680 1003 715 aliorum:
1048 681 1360 719 Ruhnkenianae
1392 695 1498 731 vero,

84 732 134 767 de
180 731 451 781 Longino‚**J
502 731 817 787 Andocide,***)
876 734 1196 784 Antiphonte‚†)
1245 739 1411 787 Orpheo,
1424 737 1500 788 ††)

83 788 250 834 aliisque
281 789 423 835 passim
456 791 694 836 auctoribus,
724 795 762 826 et
793 802 866 826 una
898 793 1066 828 omnium
1088 793 1356 830 difficillimam
1387 806 1497 831 caus-

79 854 162 879 sam
194 846 395 891 eomplexa
425 845 473 881 de
501 847 634 881 Festis
666 847 938 891 Dionysiorum
969 849 1068 894 apud
1092 849 1268 885 Atticos:
1288 848 1393 898 †††)
1425 852 1498 887 de-

83 900 200 946 nique
230 910 361 936 omnes
390 900 546 947 omnino
578 901 866 954 Praefationes,
897 904 1102 948 prudentia
1133 906 1316 951 omnique
1345 907 1496 942 intelli-

81 956 243 1003 gentiae
273 956 412 1008 laude,
449 957 551 992 haud
584 957 720 993 ‘minus
749 961 866 1003 atque
897 959 1153 1007 Ernestinae,
1184 960 1223 996 in
1257 961 1496 1007 principibus

83 1011 323 1048 laudatarum
354 1013 640 1048 praefationum
671 1014 904 1050 censendae.

194 1068 270 1104 Sed
301 1069 485 1115 ingenio,
516 1070 683 1115 ratione,
726 1071 971 1116 caeterisque
1001 1071 1290 1119 intelligentiae
1321 1073 1486 1109 faculta-

81 1124 209 1170 tibus,
240 1124 418 1170 quamvis
442 1119 618 1172 magnis,
651 1136 759 1162 nemo
792 1127 994 1172 quisquam
1026 1137 1192 1175 magnus
1224 1128 1283 1163 vir
1314 1129 1496 1176 exsistat,

82 1179 158 1214 uisi
187 1181 369 1216 doctrina
400 1182 632 1216 accesserit:
666 1192 737 1217 nec
766 1182 941 1218 doctrina
964 1184 1130 1227 accedit,
1163 1184 1237 1219 nisi
1268 1185 1355 1230 quis
1377 1186 1495 1221 multa

80 1234 239 1283 legerit,
269 1235 385 1280 idque
416 1236 552 1271 ordine
582 1241 621 1272 et
650 1238 822 1285 ratione,
854 1239 954 1274 lecta
985 1244 1266 1275 commentetur
1299 1244 1337 1276 et
1367 1241 1495 1276 animo

82 1291 283 1337 revolvat,
323 1291 531 1327 memoriae
568 1292 743 1339 mandet,
773 1293 918 1339 scripto
959 1298 1078 1331 notet.
1141 1296 1422 1343 Ruhnkenius„
1455 1301 1495 1332 ut

78 1357 198 1393 supra
228 1347 417 1393 diximus,
460 1347 518 1395 [p.
557 1345 623 1384 24.
656 1349 765 1396 seq.)
798 1350 1087 1386 Hemsterhusii
1118 1352 1317 1399 exemplo,
1349 1362 1397 1386 ex
1428 1353 1495 1388 illa

78 1402 229 1438 infinita
266 1401 457 1440 scientiae
499 1404 663 1440 materia
693 1405 766 1440 sibi
797 1416 910 1442 unam
949 1406 1149 1454 elegerat,
1178 1407 1217 1442 in
1254 1418 1328 1453 qua
1359 1408 1496 1444 elabo-

79 1461 207 1507 raret,
258 1462 424 1505 partem,
467 1461 705 1496 Graecarum
752 1462 1057 1508 Latinarumque
1104 1464 1349 1510 Literarum,
1403 1464 1493 1501 item

80 1514 278 1550 Historiae
319 1515 647 1567 et·Antiquitatis
685 1517 930 1563 interiorem,
971 1518 1009 1554 id
1053 1522 1113 1554 est
1153 1519 1326 1555 criticam
1358 1530 1494 1568 gram-

77 1571 362 1616 maticamque,
401 1572 676 1619 cognitionem.
743 1573 868 1623 Nam,
910 1585 1010 1619 quae
1049 1575 1124 1610 alia
1164 1586 1260 1620 puer
1297 1579 1363 1612 aut
1395 1577 1494 1613 ado-

77 1627 234 1662 lescens
282 1627 474 1663 didicerat
524 1629 584 1663 vel
633 1633 884 1676 gustaverat,
930 1631 969 1665 in
1019 1631 1284 1667 Orientalibus
1337 1632 1494 1677 Literis,

78 1683 344 1731 Philosophia,
373 1683 684 1727 Mathematicis,
725 1685 1059 1733 lurisprudentia,
1099 1686 1161 1722 his
1191 1688 1310 1722 semel
1351 1698 1494 1733 peree-

78 1740 154 1785 ptis
185 1739 240 1774 nil
269 1749 381 1785 porro
400 1739 519 1775 studii
550 1741 763 1776 tribuebat:
801 1742 896 1777 etsi
927 1741 1016 1787 quid
1049 1752 1180 1777 eorum
1203 1753 1271 1788 per
1301 1753 1345 1778 se
1366 1744 1490 1788 ipsum

75 1795 115 1830 in
168 1795 350 1831 memoria
397 1799 658 1837 remanserat.
715 1797 788 1832 hoc
834 1807 881 1831 ne
929 1798 1016 1842 ipse
1065 1798 1217 1842 quidem
1274 1798 1377 1834 scire
1429 1799 1492 1835 vi·-

76 1851 160 1886 deri
201 1850 374 1886 volebat:
422 1851 521 1886 adeo
567 1855 660 1902 erat⁴
691 1852 843 1887 alienus
888 1853 934 1887 ab
973 1853 1074 1889 omni
1119 1853 1333 1902 scientiae,
1378 1865 1490 1900 quam

76 1908 365 1952 nonperfecte
405 1910 579 1958 teneret,
622 1908 881 1952 professione.
949 1909 1074 1944 Habet
1113 1912 1239 1945 autem
1272 1908 1489 1946 Literarum

72 1962 270 2010 studium,
316 1962 350 1998 si
381 1965 567 1998 accurate
598 1965 804 2007 tractetur,
837 1964 992 1998 multum
1024 1964 1170 1999 laboris
1201 1968 1238 1999 et
1269 1975 1491 2019 aerumnae,

75 2019 165 2055 sine
194 2029 270 2064 qua
297 2021 430 2054 certus
468 2017 667 2053 doctrinae
706 2028 752 2053 ac
791 2019 1000 2054 suavitatis
1037 2020 1190 2055 fructus
1230 2020 1379 2066 percipi
1420 2032 1492 2058 ne-

75 2075 182 2120 quit3
217 2078 434 2120 propterea,
463 2073 562 2119 quod
593 2073 628 2108 is
660 2075 742 2109 fere
774 2074 931 2110 exsistit
961 2084 1009 2110 ex
1035 2075 1387 2122 innumerabilium,
1419 2088 1491 2113 non

78 2130 189 2166 modo
217 2139 360 2180 rerum,
387 2129 456 2164 sed
488 2132 527 2165 et
556 2130 784 2176 verborum,
815 2130 1005 2174 scientim
1034 2141 1153 2176 quae,
1185 2136 1227 2166 ut
1257 2132 1358 2167 lecta
1389 2136 1491 2177 sunt,

76 2186 132 2222 ita
162 2197 184 2221 e
214 2185 395 2221 memoria
426 2186 603 2227 effluunt,
636 2186 712 2221 nisi
741 2186 887 2232 scripto
915 2190 1096 2222 notentur
1125 2191 1163 2221 et
1193 2187 1233 2221 in
1264 2187 1491 2223 adversaria

18 2269 24 2274 .
77 2242 312 2278 referantur.
372 2243 423 2277 Et
463 2251 558 2277 vero
598 2242 701 2277 hanc
748 2242 991 2288 diligentiam
1018 2242 1148 2276 editis
1185 2242 1336 2287 quidem
1378 2244 1488 2279 Scri-

79 2298 254 2344 ptoribus
285 2307 396 2333 nemo
427 2307 500 2333 non
521 2297 710 2340 adhibuit,
741 2297 805 2342 qui
835 2290 988 2342 aliquod
1023 2307 1157 2333 nomen
1183 2298 1220 2333 in
1254 2299 1314 2333 his
1343 2299 1489 2335 Literis

75 2347 314 2391 consecutus
354 2356 425 2390 est.
496 2353 755 2390 Ruhnkeuius
799 2354 895 2388 hane
935 2350 1180 2401 diligentiam
1227 2363 1302 2390 non
1345 2358 1486 2391 tantum

75 2490 103 2537 ⁴)
137 2496 287 2536 Angliee
324 2498 497 2537 scriptae,
548 2497 674 2528 Latine
708 2497 865 2528 redditae
900 2506 919 2527 a
952 2497 1084 2528 Ioanne
1121 2498 1269 2529 Daniele
1312 2499 1490 2539 Leuuepio

102 2540 327 2580 'additaeque
359 2541 505 2572 editioni
535 2542 774 2579 Epistularum
802 2542 1014 2579 Phalaridis,
1039 2542 1246 2581 Groningae
1274 2543 1372 2574 1757.
1413 2545 1487 2574 vid.

119 2585 282 2620 Biblioth.
309 2583 398 2617 Crit.
422 2587 504 2617 Vol.
530 2587 556 2617 1.
582 2587 676 2617 Part.
702 2587 744 2617 11.
771 2596 801 2626 p.
829 2587 884 2615 69.
909 2590 944 2617 et
967 2595 1038 2627 seq.

75 2628 116 2666 ·’)
142 2629 231 2660 Vide
253 2637 361 2669 supra
387 2641 418 2670 p.
444 2631 518 2662 169.

77 2672 132 2712 ”“)
158 2675 317 2705 Historia
341 2675 429 2707 Crit.
457 2675 646 2707 Oratorum
672 2675 889 2707 Graecorum
917 2685 949 2715 p.
974 2676 1031 2706 47.

75 2717 119 2760 ἦ)
143 2719 223 2750 vid.
249 2726 358 2758 supra
382 2730 414 2760 p.
442 2720 516 2751 146.

74 2761 147 2805 ††)
172 2764 329 2802 Epistola
353 2765 438 2796 Crit,
464 2765 508 2795 11.
535 2774 569 2804 pe
592 2764 667 2796 zae.

75 2806 175 2849 †††)
201 2808 277 2839 Vid.
303 2818 411 2849 supra
437 2817 513 2850 pag.
544 2806 619 2839 tao.
669 2810 740 2841 FB.

1508 1405 1587 1442 223
