1833 3237
867 198 1202 238 ...28-

313 313 440 353 aciem
482 311 697 360 effugerem
736 312 842 348 tanta
883 313 970 348 erat
1008 310 1224 360 indagandi
1260 307 1486 359 sagacitas,
1527 308 1729 348 iudicandi

308 368 541 418 subtilitas,
572 366 798 404 inveniendi
827 367 1009 414 solertia3
1040 370 1085 404 ut
1114 367 1272 414 spurios
1302 376 1478 413 quosque
1508 370 1547 403 et
1590 376 1734 403 corru-

313 430 403 474 ptos
433 427 556 473 locos,
587 424 1024 460 cum-animadverteret
1044 423 1258 470 celerrime,
1287 425 1368 458 tum
1387 423 1610 458 emendaret
1636 423 1733 459 feli—-

315 482 488 519 cissime.
548 480 699 525 Quibus
730 480 885 517 dotibus
915 483 957 516 ut
986 480 1179 526 aequabat
1217 478 1416 525 principes
1455 479 1646 527 criticos,
1675 478 1732 514 ita

312 538 472 574 eosdem
508 537 663 584 propria
695 537 860 583 quadam
891 536 981 572 dote
1012 537 1224 582 superabat
1253 545 1314 579 ea,
1345 534 1446 580 quod
1474 535 1601 580 ipsius
1632 534 1732 570 ratio

314 597 354 630 et
391 594 515 630 oratic
553 593 709 641 integra
748 596 788 628 et
826 593 1007 629 immunis
1048 594 1154 628 esset
1192 592 1240 628 ab
1278 591 1347 627 illa
1379 600 1452 626 non
1483 591 1594 626 modo
1625 591 1731 626 scri-

314 650 501 699 bentium,
532 649 601 685 sed
633 650 787 685 omnino
818 649 1017 684 doctorum
1049 648 1259 694 hominum,
1289 647 1392 695 labe,
1423 657 1536 692 quam
1567 647 1731 693 paucis-

313 705 417 755 simi,
441 715 538 752 quos
558 706 707 751 aequus
734 705 881 740 amavit
903 706 1067 750 Iupiter,
1099 705 1225 739 vitare
1247 706 1426 751 possunt,
1455 713 1568 749 quam
1591 701 1733 739 Graeci

314 759 359 799 τὸ
391 759 584 811 φορτικὸν,
618 761 749 797 Latini
771 761 990 806 molestum,
1025 760 1154 807 credo,
1184 761 1348 804 vocant3
1380 768 1454 804 quo
1485 758 1735 806 significatur

248 813 503 865 43quidquid
533 818 648 853 nimis
680 820 739 852 est
770 815 1001 862 quaesitum,
1032 819 1223 862 coactum,
1251 816 1491 863 affectatum,
1532 814 1734 862 frigidum,

310 877 551 922 tortuosum,
582 873 839 923 implicatum,
869 872 1089 919 ingratum:
1129 881 1289 917 quorum
1320 870 1360 906 in
1389 870 1557 916 aliquam
1588 874 1737 916 partem

312 930 401 976 quis
432 939 506 965 non
537 928 745 974 aliquando
786 927 923 963 incidit
963 925 1171 963 scribens?
1229 926 1456 964 Ruhnkenii
1496 926 1655 972 scriptio
1685 926 1732 962 ab

310 985 400 1031 ipsa
428 988 569 1021 natura
607 985 655 1020 ad
687 984 924 1032 elegantiam
955 980 1062 1020 facta
1103 985 1346 1029 formataque
1376 985 1482 1018 erat:
1516 993 1583 1029 per
1613 985 1731 1018 totam

312 1042 481 1077 diffusus
521 1041 676 1087 quidam
718 1043 756 1076 et
785 1040 1078 1086 perspicuitatis
1121 1039 1267 1075 candor
1312 1042 1351 1074 et
1391 1038 1574 1084 antiquae
1604 1049 1733 1074 venu-

311 1098 427 1133 statis
445 1097 575 1144 vigor,
602 1096 880 1132 Rulinkeniani
906 1095 1058 1143 ingenii
1088 1095 1331 1142 felicitatem,
1363 1093 1609 1144 facilitatem,
1634 1095 1734 1130 sim-

313 1153 543 1201 plicitatem,
577 1163 737 1199 prorsus
768 1155 806 1188 et
837 1152 1035 1188 referebat
1065 1154 1104 1187 et
1135 1151 1388 1196 exprimebat.

427 1209 531 1256 Sed,
563 1212 605 1244 ut
645 1208 732 1254 quis
762 1209 924 1244 miretur
962 1211 1107 1244 tantam
1140 1207 1341 1243 doctrinae
1371 1205 1523 1252 copiam
1555 1206 1729 1242 faculta-

312 1267 468 1311 temque
497 1268 573 1300 tam
597 1264 704 1300 brevi
731 1267 904 1309 tempore
933 1266 1108 1310 potuisse
1131 1263 1362 1311 comparari,
1392 1263 1448 1298 ita
1471 1263 1597 1310 magis
1617 1263 1735 1299 etiam

312 1321 487 1370 miretur,
518 1321 552 1357 si
584 1321 732 1369 cogitet
762 1324 1001 1367 quantopere
1032 1321 1126 1357 illud
1158 1323 1309 1366 tempus
1341 1319 1432 1354 aliis
1463 1319 1570 1355 curis
1601 1328 1735 1366 nego-

311 1377 459 1424 tiisque
490 1377 717 1413 distractum
751 1380 1060 1423 occupatumque
1091 1377 1223 1412 fuerit.
1280 1377 1380 1412 Nam
1411 1376 1561 1411 interea
1595 1386 1733 1411 aman·

311 1433 465 1470 tissimo
504 1433 630 1479 ipsius
664 1434 770 1482 viro,
803 1433 939 1469 Ioanni
969 1434 1166 1481 Albertio,
1197 1433 1401 1480 Theologo
1431 1432 1533 1467 inter
1564 1433 1733 1467 Batavos

312 1491 463 1527 Graece
503 1489 755 1541 doctissimo,
797 1490 834 1526 in
868 1491 1039 1525 ornanda
1080 1489 1391 1536 expoliendaque
1421 1488 1614 1533 Hesychii
1645 1487 1733 1523 edi·

311 1547 418 1603 tione
443 1546 543 1582 haud
567 1546 884 1582 contemnendam
909 1548 1132 1592 praestabat
1158 1542 1387 1592 operam:*)
1419 1544 1594 1579 eumdem
1618 1543 1733 1591 gravi

311 1603 446 1638 morbo
476 1603 689 1650 afflictum,
722 1603 988 1639 restituendae
1031 1602 1246 1638 valetudini
1293 1603 1421 1636 fontes
1454 1600 1657 1645 Spadanos
1670 1595 1732 1647 *Ἴ

311 1661 534 1710 petentem,
575 1667 620 1694 eo
661 1658 868 1694 comitatus
908 1662 989 1707 est,
1032 1659 1157 1693 medio
1186 1658 1284 1692 inter
1325 1656 1528 1702 utriusque
1569 1656 1733 1701 Episto-

311 1714 375 1750 lae
406 1715 616 1749 editionem
647 1725 762 1763 anno,
783 1715 898 1750 huius
931 1716 1078 1750 saeculi
1101 1713 1440 1760 quinquagesimo.
1499 1714 1617 1748 Porro
1649 1722 1734 1747 cum

312 1779 386 1806 suo
425 1770 511 1815 ipse
551 1771 728 1815 nomine,
769 1772 848 1805 tum
890 1771 1100 1805 amicorum
1150 1768 1453 1814 consuetudine,
1495 1771 1532 1803 et
1573 1768 1732 1817 alumni,

312 1826 426 1862 cuius
456 1825 587 1861 studia
617 1826 800 1873 regebat,
832 1836 997 1873 caussa,
1029 1825 1068 1860 in
1100 1826 1327 1867 multorum,
1360 1824 1476 1859 etiam
1507 1823 1732 1871 illustrium,

312 1881 513 1918 hominum
553 1882 855 1917 familiaritatem
897 1881 1184 1927 amicitiamque
1234 1883 1488 1927 pervenerat:
1537 1890 1650 1925 quam
1693 1883 1734 1916 ut

313 1938 521 1986 retineret,
567 1948 697 1974 eorum
740 1937 825 1983 ipse
865 1940 903 1972 et
944 1938 1080 1973 domus
1114 1939 1384 1984 frequentare,
1426 1942 1464 1972 et
1496 1936 1732 1972 voluntatem

313 1995 551 2043 observare,
583 1997 621 2030 et
651 1994 793 2029 studiis
824 1994 1007 2041 obsequi,
1041 1994 1220 2030 debebat.
1277 1994 1386 2040 Ergo
1418 2001 1595 2038 magnam
1627 1996 1732 2028 tem-

247 2051 419 2098 44poris
459 2054 605 2096 partem
646 2050 879 2085 auferebant
919 2050 1203 2098 salutationes,
1236 2059 1501 2096 congressuS,
1533 2048 1729 2098 convivia,

312 2106 612 2149 rusticationes‚
651 2106 805 2150 aliaque
847 2105 1066 2140 huiusmodi
1098 2106 1239 2140 officia.
1303 2107 1510 2153 Attamen,
1543 2115 1618 2150 qua
1647 2107 1733 2140 erat

312 2165 477 2199 naturae
508 2162 713 2209 facilitate,
742 2162 839 2196 baec
869 2161 1111 2197 incommoda
1142 2161 1188 2195 ad
1212 2161 1429 2197 Literarum
1453 2171 1608 2196 suarum
1639 2163 1734 2196 stu-

312 2218 542 2264 diorumque
571 2217 770 2254 commoda
801 2218 1024 2252 referebat:
1066 2220 1103 2252 et
1133 2227 1217 2252 cum
1248 2216 1346 2252 alies
1377 2217 1552 2261 percepit
1592 2215 1730 2251 istius-

312 2273 415 2310 modi
456 2274 562 2309 vitae
604 2275 779 2318 fructus,
820 2276 899 2308 tum
940 2273 1037 2309 duos
1076 2273 1114 2308 in
1155 2272 1286 2319 primis
1328 2272 1420 2307 hos:
1461 2272 1647 2317 alterum,
1689 2275 1732 2307 ut

312 2332 562 2364 assuesceret
592 2330 822 2364 subsecivas
853 2329 969 2363 horas
1000 2333 1171 2374 captare,
1202 2328 1424 2375 Literisque
1455 2337 1522 2362 eas
1545 2327 1734 2374 tribuere,

313 2394 361 2420 ac
389 2387 534 2420 tantum
567 2385 698 2420 subito
731 2388 766 2419 et
798 2395 847 2419 ex
868 2385 1015 2430 impetu
1038 2385 1196 2420 efficere
1218 2388 1401 2430 quantum
1429 2383 1497 2418 alii
1528 2394 1579 2418 ex
1612 2393 1732 2428 prae--r

313 2444 448 2487 parato
479 2450 524 2475 ac
556 2440 761 2475 meditato:
793 2440 973 2491 alterum,
1005 2445 1046 2478 ut
1077 2451 1217 2486 corpus
1247 2441 1492 2484 animumque
1523 2449 1544 2473 a
1575 2439 1730 2473 studio-

314 2506 397 2532 rum
429 2495 645 2532 intentione
676 2496 916 2541 aliorumque
947 2498 1190 2544 negotiorum
1210 2496 1393 2532 satietate
1418 2498 1613 2530 recrearet
1643 2504 1730 2529 am-

314 2551 529 2599 bulatione,
561 2555 676 2597 motu,
707 2562 850 2599 cursu,
882 2553 920 2588 in
955 2552 1088 2598 primis
1119 2552 1349 2599 venatione,
1381 2555 1496 2595 atque
1524 2549 1579 2584 ita
1611 2553 1730 2585 natu-

314 2607 398 2643 rale
428 2608 546 2643 robur
575 2608 859 2654 sanitatemque
889 2609 1071 2646 firmaret.
1130 2607 1307 2654 Denique
1348 2606 1561 2644 accedebat
1601 2606 1731 2643 Iuris-

313 2713 346 2754 Ἴ
368 2716 423 2749 Cf.
448 2716 542 2748 iufra
566 2724 644 2756 pag.
671 2717 727 2748 ed.
748 2726 800 2756 pr.
827 2716 901 2749 128.
927 2727 979 2759 sq.
1027 2719 1100 2750 FB.

315 2780 361 2821 “J
386 2782 489 2824 Spaa
514 2782 550 2813 in
575 2783 670 2823 Belg.
718 2783 790 2815 FR.
