1833 3237
862 211 1140 250 „60-

298 329 335 363 in
367 338 444 373 qua
476 326 629 362 nomina
659 325 847 369 quaedam
878 326 1034 371 propria
1065 325 1263 360 hominum
1299 334 1346 359 ac
1376 327 1548 370 tempora
1583 330 1715 362 notata

298 386 451 425 essent,
503 380 668 416 habebat
711 390 872 426 procero
918 392 1004 417 cum
1056 390 1218 425 corpore
1255 389 1434 425 magnam
1479 381 1517 416 in
1565 381 1712 427 habitu,

298 442 428 485 gestu,
463 437 585 480 vultu,
617 446 729 481 voce,
759 437 1016 483 gravitatem:
1048 437 1146 471 haec
1175 435 1468 470 admirationem
1501 437 1711 479 faciebant.

299 493 497 536 multoque
529 491 628 537 plus,
660 503 771 537 quam
802 493 1017 540 singularis
1047 492 1133 528 eius
1165 492 1357 537 doctrina,
1396 491 1498 535 apud
1530 492 1713 528 multitu-

300 548 427 582 dinem
461 547 701 595 vulgumque
731 548 951 583 iuventutis
989 548 1036 583 ad
1069 547 1276 583 excitanda
1316 547 1595 591 retinendaque
1625 548 1711 583 eius

229 610 282 646 98
299 603 429 638 studia
460 603 656 638 valebant.
712 604 839 650 Igitur
861 605 1117 639 Ruhnkenius
1148 604 1247 638 bene
1277 613 1409 638 secum
1442 603 1509 649 agi
1539 603 1711 638 arbitra-

297 660 411 694 batur
441 658 480 694 in
512 659 601 704 illo,
641 660 706 704 qui
734 663 840 704 erat,
869 660 1086 694 auditorum
1121 669 1296 700 numero,
1336 659 1403 703 qui
1433 658 1710 694 decrescentes

294 715 454 750 aliorum
495 715 654 750 scholas
686 717 953 750 professorum
985 715 1155 759 videret,
1196 719 1235 748 et
1275 718 1388 749 antea
1428 724 1546 758 saepe
1584 715 1712 750 inter-

295 770 440 805 fuisset
477 771 723 806 sermonibus
773 771 967 806 hominum
1018 770 1057 805 in
1101 770 1236 805 eodem
1281 779 1414 804 errore
1453 771 1709 806 versantium.

294 827 378 869 Quo
409 827 448 861 in
479 836 629 873 genere
660 826 750 871 quid
783 826 819 861 ei
850 826 1057 872 aliquando
1087 826 1296 870 acciderit,
1329 835 1403 861 non
1435 828 1495 860 est
1525 836 1548 860 a
1579 828 1710 862 nostro

294 881 460 917 consilio
491 882 672 926 alienum,
703 883 863 917 referre.

406 938 586 973 Nondum
618 938 657 972 in
683 938 838 983 publico
869 937 1033 973 docendi
1063 946 1223 972 munere
1254 936 1512 981 constitutus,
1541 936 1709 984 degebat

293 993 424 1028 adhuc
454 993 491 1028 in
527 992 672 1028 familia
702 993 903 1028 cuiusdam
927 993 1144 1038 principum
1175 992 1348 1027 civitatis
1379 992 1563 1038 virorum,
1593 1003 1710 1037 quum

293 1048 451 1084 adesset
493 1049 702 1093 aliquando
739 1049 778 1084 in
819 1059 942 1084 coena
981 1049 1122 1092 aliquis
1164 1049 1224 1082 vir
1264 1048 1375 1082 dives
1406 1051 1445 1082 et
1482 1048 1708 1097 honoratus,

292 1104 359 1139 sed
391 1103 518 1138 animo
549 1107 586 1138 et
617 1104 840 1149 voluntate,
873 1114 984 1149 quam
1016 1103 1176 1151 ingenio
1208 1106 1246 1138 et
1277 1102 1519 1149 eruditione,
1551 1103 1706 1139 melior:

292 1158 328 1195 is
368 1160 471 1195 forte
511 1161 716 1202 narrabat,
770 1171 814 1196 se
854 1160 953 1195 domi
994 1159 1112 1195 filium
1155 1160 1299 1194 habere
1338 1169 1498 1204 puerum
1538 1169 1628 1195 mox
1668 1159 1706 1195 in

291 1215 548 1251 Academiam
581 1219 800 1263 venturum,
830 1221 869 1251 et
892 1217 1034 1262 quibus
1064 1215 1098 1250 is
1130 1216 1187 1250 uti
1218 1214 1378 1250 deberet
1395 1215 1542 1250 scholis
1563 1215 1706 1251 Ruhn-

293 1270 451 1306 kenium
484 1271 764 1318 interrogabat.
825 1273 898 1307 Hic
929 1274 967 1307 et
996 1271 1093 1306 alias
1125 1271 1374 1316 disciplinas,
1415 1273 1452 1305 et
1484 1271 1708 1317 Historiam,

291 1328 487 1364 censebat.
547 1328 645 1362 Tum
677 1331 797 1373 pater,
829 1327 1035 1373 „Atqui‚“
1076 1328 1217 1375 inquit,
1261 1327 1471 1372 „Historia
1503 1337 1577 1362 non
1608 1338 1706 1372 opus

291 1386 385 1429 „est
425 1392 509 1417 meo
540 1383 642 1428 filio,
685 1383 786 1419 hanc
824 1384 897 1419 iam
930 1384 1029 1418 satis
1069 1384 1197 1428 novit;
1239 1394 1324 1418 nam
1365 1392 1461 1430 ego,
1502 1383 1566 1428 qui
1607 1383 1705 1420 duas

292 1438 443 1490 „etiam
466 1438 566 1473 filias
599 1439 739 1487 habeo,
771 1439 947 1485 praefeci
980 1440 1038 1474 eis
1068 1436 1318 1475 domesticam
1349 1440 1592 1486 magistram,
1623 1449 1705 1486 gu-

291 1495 608 1545 „bernam-icem,
649 1498 691 1530 ut
722 1500 885 1541 vocant,
918 1499 956 1531 et
987 1496 1161 1531 eiusdem
1193 1495 1430 1530 institutioni
1460 1494 1579 1529 filium
1612 1496 1705 1530 item

292 1550 500 1600 „subiecit
541 1551 638 1585 haec
676 1552 887 1587 Historiam
929 1551 1067 1597 quovis
1100 1553 1328 1587 Professore
1369 1550 1510 1585 melius
1551 1551 1705 1586 novit.“

289 1605 553 1641 Ruhnkenius
591 1606 661 1641 illa
702 1611 832 1643 aetate
873 1608 913 1642 in
953 1607 1203 1642 confutandis
1243 1608 1427 1651 aliorum,
1474 1607 1704 1652 praesertim

288 1661 425 1696 talium
456 1661 666 1707 hominum,
698 1664 895 1699 erroribus
925 1663 1075 1698 solebat
1106 1663 1310 1699 Socratica
1340 1662 1464 1698 ironia
1494 1663 1573 1698 uti:
1611 1673 1707 1708 pro-

289 1726 433 1763 gressu
464 1718 606 1752 aetatis
636 1718 682 1752 ad
717 1724 878 1755 naturae
907 1719 992 1764 ipse
1021 1729 1118 1754 suae
1148 1719 1356 1754 candorem
1387 1718 1563 1765 rediens,
1603 1719 1706 1755 sim-

290 1772 445 1817 pliciter
474 1773 796 1817 reprehendebat.
859 1775 987 1821 Igitur
1017 1775 1141 1816 „Nae
1171 1778 1215 1809 tu
1244 1774 1382 1809 beatus
1424 1778 1525 1819 es‚“
1565 1775 1704 1820 inquit,

291 1827 397 1873 „qui
427 1832 574 1863 tantum
606 1828 706 1863 domi
739 1830 878 1865 bonum
912 1829 1135 1873 possideas:
1181 1830 1279 1875 noli,
1309 1839 1475 1875 quaeso,
1515 1830 1625 1865 solus
1657 1840 1703 1866 eo

222 1887 276 1923 99
292 1883 417 1931 ‚,frui,
447 1883 515 1918 sed
547 1884 595 1918 ad
617 1885 809 1929 publicam
841 1885 937 1920 illud
967 1884 1112 1920 civium
1142 1885 1348 1921 utilitatem
1371 1895 1513 1930 prome,
1544 1890 1582 1921 et
1603 1886 1704 1923 hanc

289 1943 401 1985 „tam
444 1939 594 1974 doctam
633 1940 888 1987 magistram,
927 1950 1003 1985 qua
1033 1951 1076 1976 es
1107 1942 1362 1986 auctoritate,
1392 1941 1431 1976 in
1462 1941 1703 1978 Academica

287 2021 313 2044 ,‚
329 1995 522 2030 Historiae
552 1995 738 2032 cathedra
768 1997 960 2034 colloca.“
1020 1998 1119 2032 Tum
1147 1997 1236 2032 ille:
1276 1999 1372 2049 ‚,Tu
1403 1997 1558 2042 quidem
1589 1997 1702 2033 ioca-

289 2051 399 2096 ,‚ris,
441 2054 481 2086 at
507 2061 582 2098 ego
614 2053 683 2086 tibi
713 2054 863 2088 affirmo
898 2053 953 2087 ita
992 2054 1124 2090 esse.“
1184 2053 1321 2101 „Quid
1365 2053 1542 2100 igitur‚“
1574 2053 1702 2099 inquit

287 2106 569 2151 Ruhnkenius‚
619 2108 790 2152 „didicit
832 2109 938 2144 filius
977 2112 1092 2152 tuus,
1141 2119 1256 2153 quam
1290 2109 1493 2144 Historiae
1537 2114 1699 2157 partem,

286 2171 369 2207 „ex
400 2172 474 2207 quo
515 2163 636 2206 libro,
673 2173 749 2208 qua
788 2165 852 2199 via
892 2167 929 2199 et
969 2162 1191 2199 ratione‘3fl
1252 2165 1534 2210 ‚‚Equidem,“
1576 2165 1701 2210 inquit

285 2222 406 2262 pater,
448 2227 560 2262 „non
601 2228 756 2264 possum
796 2219 866 2255 tibi
897 2220 944 2253 ad
979 2220 1075 2255 haec
1103 2220 1230 2255 omnia
1261 2221 1520 2265 respondere:
1561 2221 1699 2256 Histo-

285 2272 417 2322 „riam
448 2273 605 2309 iuvenis
644 2274 786 2310 didici:
822 2276 898 2310 iam
930 2275 1150 2320 provectior
1188 2278 1317 2311 aetate
1348 2276 1494 2321 incipio
1535 2276 1605 2311 has
1635 2286 1698 2312 res

288 2328 519 2373 ,‚oblivisci:
578 2330 645 2364 sed
679 2332 822 2366 mittam
852 2332 899 2366 ad
931 2337 969 2367 te
998 2332 1116 2367 filium
1148 2342 1294 2376 meum,
1334 2331 1400 2377 qui
1431 2331 1501 2366 tibi
1531 2332 1578 2366 ad
1610 2341 1697 2367 om-

286 2383 410 2431 ‚,nia,
451 2395 550 2429 quae
590 2386 875 2433 interrogabis,
917 2387 1182 2422 satisfaciet.·‘
1251 2387 1374 2423 Venit
1426 2390 1514 2433 post
1551 2387 1699 2432 aliquot

284 2439 371 2474 dies
411 2439 478 2475 ille
506 2440 797 2488 gubernatricis
829 2443 979 2489 pullus,
1019 2444 1147 2478 adliuc
1186 2443 1362 2489 pipicus,
1401 2443 1469 2477 sed
1509 2442 1695 2478 alasiam

284 2495 475 2540 quatiens,
506 2497 660 2541 sibique
692 2508 793 2534 nunc
824 2499 975 2534 demum
1008 2500 1187 2545 placens,
1219 2500 1283 2543 qui
1313 2499 1413 2544 apud
1446 2498 1589 2534 clarum
1621 2498 1696 2534 do-

284 2550 410 2586 ctrina
430 2551 553 2587 virum
578 2552 787 2589 doctrinam
813 2554 898 2599 ipse
916 2565 1023 2590 suam
1048 2558 1313 2590 ostentaturus
1343 2557 1462 2589 esset.
1500 2554 1696 2590 Ruhnke-

284 2605 372 2641 nius
405 2617 562 2651 puerum
586 2610 746 2644 comiter
766 2611 922 2656 excipit,
952 2621 1114 2656 eumque
1133 2620 1350 2645 sermonem
1372 2620 1455 2644 cum
1476 2619 1522 2645 eo
1548 2609 1696 2654 habuit,

284 2671 396 2707 quem
429 2666 485 2697 est
527 2673 767 2711 cognoscere
806 2676 947 2713 operae
985 2667 1162 2713 pretium,
1209 2669 1245 2701 et
1296 2675 1379 2707 nos,
1428 2675 1502 2710 quo
1536 2665 1693 2701 facilius

285 2721 562 2765 cognoscatur,
604 2720 657 2754 ita
690 2721 894 2758 reddemus
924 2723 1035 2768 quasi
1068 2727 1221 2769 agatur,
1254 2732 1326 2757 non
1359 2722 1470 2766 quasi
1503 2725 1693 2758 narretur.
