<?xml version="1.0" encoding="UTF-8"?>
<!DOCTYPE html PUBLIC "-//W3C//DTD XHTML 1.0 Transitional//EN"
    "http://www.w3.org/TR/xhtml1/DTD/xhtml1-transitional.dtd">
<html xmlns="http://www.w3.org/1999/xhtml" xml:lang="en" lang="en">
 <head>
  <title>
</title>
<meta http-equiv="Content-Type" content="text/html;charset=utf-8" />
  <meta name='ocr-system' content='tesseract 3.04.00' />
  <meta name='ocr-capabilities' content='ocr_page ocr_carea ocr_par ocr_line ocrx_word'/>
</head>
<body>
  <div class='ocr_page' id='page_1' title='image "./vitadavidisruhnk00wyttuoft_0142.png"; bbox 0 0 1816 3233; ppageno 0'>
   <div class='ocr_carea' id='block_1_1' title="bbox 866 222 1170 262">
    <p class='ocr_par' dir='ltr' id='par_1_1' title="bbox 866 222 1170 262">
     <span class='ocr_line' id='line_1_1' title="bbox 866 222 1170 262; baseline 0.003 -9"><span class='ocrx_word' id='word_1_1' title='bbox 866 222 1170 262; x_wconf 74' lang='lat'>-134—</span> 
     </span>
    </p>
   </div>
   <div class='ocr_carea' id='block_1_2' title="bbox 227 335 1739 2835">
    <p class='ocr_par' dir='ltr' id='par_1_2' title="bbox 227 335 1739 2835">
     <span class='ocr_line' id='line_1_2' title="bbox 318 335 1732 386; baseline -0.004 -8"><span class='ocrx_word' id='word_1_2' title='bbox 318 341 450 386; x_wconf 88' lang='lat' dir='ltr'>editis,</span> <span class='ocrx_word' id='word_1_3' title='bbox 479 340 548 376; x_wconf 87' lang='lat' dir='ltr'>sed</span> <span class='ocrx_word' id='word_1_4' title='bbox 579 336 739 374; x_wconf 88' lang='lat' dir='ltr'>ineditis</span> <span class='ocrx_word' id='word_1_5' title='bbox 768 336 907 384; x_wconf 85' lang='lat' dir='ltr'>etiam,</span> <span class='ocrx_word' id='word_1_6' title='bbox 938 340 992 372; x_wconf 88' lang='lat' dir='ltr'>tot</span> <span class='ocrx_word' id='word_1_7' title='bbox 1021 336 1218 382; x_wconf 88' lang='lat' dir='ltr'>tantisque</span> <span class='ocrx_word' id='word_1_8' title='bbox 1246 336 1425 373; x_wconf 85' lang='lat' dir='ltr'>adhibuit</span> <span class='ocrx_word' id='word_1_9' title='bbox 1449 335 1732 384; x_wconf 83' lang='lat' dir='ltr'><strong>scriptoribus,</strong></span> 
     </span>
     <span class='ocr_line' id='line_1_3' title="bbox 319 391 1730 444; baseline -0.004 -11"><span class='ocrx_word' id='word_1_10' title='bbox 319 401 412 444; x_wconf 88' lang='lat' dir='ltr'>quot</span> <span class='ocrx_word' id='word_1_11' title='bbox 431 395 664 442; x_wconf 84' lang='lat' dir='ltr'><strong>quantisque</strong></span> <span class='ocrx_word' id='word_1_12' title='bbox 692 396 783 430; x_wconf 87' lang='lat' dir='ltr'>ante</span> <span class='ocrx_word' id='word_1_13' title='bbox 812 403 898 429; x_wconf 89' lang='lat' dir='ltr'>eum</span> <span class='ocrx_word' id='word_1_14' title='bbox 931 403 1055 429; x_wconf 87' lang='lat' dir='ltr'>nemo.</span> <span class='ocrx_word' id='word_1_15' title='bbox 1097 391 1334 429; x_wconf 82' lang='lat' dir='ltr'>Incredibile</span> <span class='ocrx_word' id='word_1_16' title='bbox 1358 395 1419 428; x_wconf 89' lang='lat' dir='ltr'>est</span> <span class='ocrx_word' id='word_1_17' title='bbox 1436 393 1556 441; x_wconf 89' lang='lat' dir='ltr'>dictu,</span> <span class='ocrx_word' id='word_1_18' title='bbox 1587 396 1730 439; x_wconf 79' lang='lat' dir='ltr'>quanta</span> 
     </span>
     <span class='ocr_line' id='line_1_4' title="bbox 320 448 1729 495; baseline -0.003 -7"><span class='ocrx_word' id='word_1_19' title='bbox 320 454 406 489; x_wconf 90' lang='lat' dir='ltr'>eius</span> <span class='ocrx_word' id='word_1_20' title='bbox 435 451 556 487; x_wconf 86' lang='lat' dir='ltr'>fuerit</span> <span class='ocrx_word' id='word_1_21' title='bbox 584 453 623 486; x_wconf 93' lang='lat' dir='ltr'>et</span> <span class='ocrx_word' id='word_1_22' title='bbox 652 449 839 485; x_wconf 84' lang='lat' dir='ltr'>fortitudo</span> <span class='ocrx_word' id='word_1_23' title='bbox 867 449 908 485; x_wconf 92' lang='lat' dir='ltr'>in</span> <span class='ocrx_word' id='word_1_24' title='bbox 938 448 1190 495; x_wconf 88' lang='lat' dir='ltr'>suscipiendo</span> <span class='ocrx_word' id='word_1_25' title='bbox 1219 448 1372 492; x_wconf 82' lang='lat' dir='ltr'>labore,</span> <span class='ocrx_word' id='word_1_26' title='bbox 1403 451 1443 484; x_wconf 87' lang='lat' dir='ltr'>et</span> <span class='ocrx_word' id='word_1_27' title='bbox 1472 449 1661 495; x_wconf 84' lang='lat' dir='ltr'>patientia</span> <span class='ocrx_word' id='word_1_28' title='bbox 1689 449 1729 484; x_wconf 90' lang='lat' dir='ltr'>in</span> 
     </span>
     <span class='ocr_line' id='line_1_5' title="bbox 320 505 1732 552; baseline -0.002 -9"><span class='ocrx_word' id='word_1_29' title='bbox 320 507 498 544; x_wconf 78' lang='lat' dir='ltr'>ferundo,</span> <span class='ocrx_word' id='word_1_30' title='bbox 558 507 732 552; x_wconf 87' lang='lat' dir='ltr'>Cumque</span> <span class='ocrx_word' id='word_1_31' title='bbox 772 516 818 542; x_wconf 85' lang='lat' dir='ltr'>ea</span> <span class='ocrx_word' id='word_1_32' title='bbox 847 507 933 542; x_wconf 85' lang='lat' dir='ltr'>fere</span> <span class='ocrx_word' id='word_1_33' title='bbox 971 506 1101 551; x_wconf 89' lang='lat' dir='ltr'>opinio</span> <span class='ocrx_word' id='word_1_34' title='bbox 1132 505 1402 550; x_wconf 87' lang='lat' dir='ltr'>plerorumque</span> <span class='ocrx_word' id='word_1_35' title='bbox 1430 505 1578 541; x_wconf 87' lang='lat' dir='ltr'>animos</span> <span class='ocrx_word' id='word_1_36' title='bbox 1608 514 1732 541; x_wconf 89' lang='lat' dir='ltr'>oecu-</span> 
     </span>
     <span class='ocr_line' id='line_1_6' title="bbox 320 560 1731 612; baseline -0.002 -13"><span class='ocrx_word' id='word_1_37' title='bbox 320 564 486 610; x_wconf 78' lang='lat' dir='ltr'>paverit,</span> <span class='ocrx_word' id='word_1_38' title='bbox 516 573 659 611; x_wconf 85' lang='lat' dir='ltr'>magna</span> <span class='ocrx_word' id='word_1_39' title='bbox 688 562 852 609; x_wconf 85' lang='lat' dir='ltr'>ingenia</span> <span class='ocrx_word' id='word_1_40' title='bbox 882 562 994 607; x_wconf 80' lang='lat' dir='ltr'>quasi</span> <span class='ocrx_word' id='word_1_41' title='bbox 1024 561 1152 597; x_wconf 79' lang='lat' dir='ltr'>soluta</span> <span class='ocrx_word' id='word_1_42' title='bbox 1182 561 1372 612; x_wconf 86' lang='lat' dir='ltr'>volitare,</span> <span class='ocrx_word' id='word_1_43' title='bbox 1404 570 1475 596; x_wconf 92' lang='lat' dir='ltr'>nec</span> <span class='ocrx_word' id='word_1_44' title='bbox 1505 560 1554 595; x_wconf 87' lang='lat' dir='ltr'>ad</span> <span class='ocrx_word' id='word_1_45' title='bbox 1583 564 1731 596; x_wconf 87' lang='lat' dir='ltr'>certum</span> 
     </span>
     <span class='ocr_line' id='line_1_7' title="bbox 227 616 1733 666; baseline -0.006 -5"><span class='ocrx_word' id='word_1_46' title='bbox 227 624 305 662; x_wconf 77' lang='lat'>224</span> <span class='ocrx_word' id='word_1_47' title='bbox 321 620 615 666; x_wconf 87' lang='lat' dir='ltr'>operariumque</span> <span class='ocrx_word' id='word_1_48' title='bbox 646 619 844 665; x_wconf 84' lang='lat' dir='ltr'>negotium</span> <span class='ocrx_word' id='word_1_49' title='bbox 874 618 1066 665; x_wconf 81' lang='lat' dir='ltr'>adstringi</span> <span class='ocrx_word' id='word_1_50' title='bbox 1097 628 1141 652; x_wconf 92' lang='lat' dir='ltr'>se</span> <span class='ocrx_word' id='word_1_51' title='bbox 1171 617 1325 663; x_wconf 88' lang='lat' dir='ltr'>sinere,</span> <span class='ocrx_word' id='word_1_52' title='bbox 1362 616 1529 652; x_wconf 87' lang='lat' dir='ltr'>delicata</span> <span class='ocrx_word' id='word_1_53' title='bbox 1559 617 1733 661; x_wconf 87' lang='lat' dir='ltr'>plerum—</span> 
     </span>
     <span class='ocr_line' id='line_1_8' title="bbox 321 672 1734 721; baseline -0.003 -10"><span class='ocrx_word' id='word_1_54' title='bbox 321 686 396 721; x_wconf 87' lang='lat' dir='ltr'>que</span> <span class='ocrx_word' id='word_1_55' title='bbox 425 679 464 711; x_wconf 86' lang='lat' dir='ltr'>et</span> <span class='ocrx_word' id='word_1_56' title='bbox 495 675 646 710; x_wconf 84' lang='lat' dir='ltr'>fastidii</span> <span class='ocrx_word' id='word_1_57' title='bbox 674 676 812 720; x_wconf 88' lang='lat' dir='ltr'>plena;</span> <span class='ocrx_word' id='word_1_58' title='bbox 854 684 901 709; x_wconf 91' lang='lat' dir='ltr'>eo</span> <span class='ocrx_word' id='word_1_59' title='bbox 930 674 1055 710; x_wconf 82' lang='lat' dir='ltr'>maius</span> <span class='ocrx_word' id='word_1_60' title='bbox 1087 673 1312 710; x_wconf 84' lang='lat' dir='ltr'>Ruhnkenii</span> <span class='ocrx_word' id='word_1_61' title='bbox 1342 672 1641 709; x_wconf 85' lang='lat' dir='ltr'>existimandum</span> <span class='ocrx_word' id='word_1_62' title='bbox 1673 676 1734 708; x_wconf 87' lang='lat' dir='ltr'>est</span> 
     </span>
     <span class='ocr_line' id='line_1_9' title="bbox 319 728 1733 780; baseline -0.003 -13"><span class='ocrx_word' id='word_1_63' title='bbox 319 732 538 780; x_wconf 80' lang='lat' dir='ltr'>ingenium,</span> <span class='ocrx_word' id='word_1_64' title='bbox 568 731 683 778; x_wconf 89' lang='lat' dir='ltr'>quod,</span> <span class='ocrx_word' id='word_1_65' title='bbox 712 731 752 766; x_wconf 93' lang='lat' dir='ltr'>in</span> <span class='ocrx_word' id='word_1_66' title='bbox 783 733 890 765; x_wconf 82' lang='lat' dir='ltr'>tanta</span> <span class='ocrx_word' id='word_1_67' title='bbox 920 733 959 765; x_wconf 88' lang='lat' dir='ltr'>et</span> <span class='ocrx_word' id='word_1_68' title='bbox 989 733 1195 765; x_wconf 84' lang='lat' dir='ltr'>venustate</span> <span class='ocrx_word' id='word_1_69' title='bbox 1225 733 1262 765; x_wconf 91' lang='lat' dir='ltr'>et</span> <span class='ocrx_word' id='word_1_70' title='bbox 1293 729 1518 778; x_wconf 88' lang='lat' dir='ltr'>velocitate,</span> <span class='ocrx_word' id='word_1_71' title='bbox 1548 733 1624 764; x_wconf 90' lang='lat' dir='ltr'>tam</span> <span class='ocrx_word' id='word_1_72' title='bbox 1655 728 1733 763; x_wconf 87' lang='lat' dir='ltr'>im-</span> 
     </span>
     <span class='ocr_line' id='line_1_10' title="bbox 319 785 1733 833; baseline -0.002 -10"><span class='ocrx_word' id='word_1_73' title='bbox 319 788 461 833; x_wconf 88' lang='lat' dir='ltr'>probos</span> <span class='ocrx_word' id='word_1_74' title='bbox 508 797 556 822; x_wconf 88' lang='lat' dir='ltr'>ac</span> <span class='ocrx_word' id='word_1_75' title='bbox 592 789 676 822; x_wconf 92' lang='lat' dir='ltr'>fere</span> <span class='ocrx_word' id='word_1_76' title='bbox 722 786 888 822; x_wconf 84' lang='lat' dir='ltr'>serviles</span> <span class='ocrx_word' id='word_1_77' title='bbox 927 786 1081 821; x_wconf 90' lang='lat' dir='ltr'>labores</span> <span class='ocrx_word' id='word_1_78' title='bbox 1125 786 1312 831; x_wconf 89' lang='lat' dir='ltr'>perficere</span> <span class='ocrx_word' id='word_1_79' title='bbox 1353 785 1536 831; x_wconf 88' lang='lat' dir='ltr'>potuerit.</span> <span class='ocrx_word' id='word_1_80' title='bbox 1609 785 1733 821; x_wconf 91' lang='lat' dir='ltr'>Nemo</span> 
     </span>
     <span class='ocr_line' id='line_1_11' title="bbox 319 840 1733 888; baseline -0.002 -10"><span class='ocrx_word' id='word_1_81' title='bbox 319 844 422 879; x_wconf 89' lang='lat' dir='ltr'>enim</span> <span class='ocrx_word' id='word_1_82' title='bbox 453 853 635 888; x_wconf 87' lang='lat' dir='ltr'>umquam</span> <span class='ocrx_word' id='word_1_83' title='bbox 675 843 771 886; x_wconf 85' lang='lat' dir='ltr'>fuit,</span> <span class='ocrx_word' id='word_1_84' title='bbox 812 842 877 888; x_wconf 89' lang='lat' dir='ltr'>qui</span> <span class='ocrx_word' id='word_1_85' title='bbox 916 845 972 878; x_wconf 89' lang='lat' dir='ltr'>tot</span> <span class='ocrx_word' id='word_1_86' title='bbox 1011 841 1248 887; x_wconf 81' lang='lat' dir='ltr'>Scriptorum</span> <span class='ocrx_word' id='word_1_87' title='bbox 1287 841 1393 876; x_wconf 90' lang='lat' dir='ltr'>edita</span> <span class='ocrx_word' id='word_1_88' title='bbox 1430 840 1610 887; x_wconf 81' lang='lat' dir='ltr'>exempla</span> <span class='ocrx_word' id='word_1_89' title='bbox 1648 849 1733 876; x_wconf 89' lang='lat' dir='ltr'>cum</span> 
     </span>
     <span class='ocr_line' id='line_1_12' title="bbox 320 896 1734 944; baseline -0.001 -10"><span class='ocrx_word' id='word_1_90' title='bbox 320 902 377 935; x_wconf 88' lang='lat' dir='ltr'>tot</span> <span class='ocrx_word' id='word_1_91' title='bbox 407 899 564 944; x_wconf 90' lang='lat' dir='ltr'>scriptis</span> <span class='ocrx_word' id='word_1_92' title='bbox 597 898 796 934; x_wconf 86' lang='lat' dir='ltr'>codicibus</span> <span class='ocrx_word' id='word_1_93' title='bbox 827 898 1053 943; x_wconf 86' lang='lat' dir='ltr'>contulerit,</span> <span class='ocrx_word' id='word_1_94' title='bbox 1092 901 1149 933; x_wconf 91' lang='lat' dir='ltr'>tot</span> <span class='ocrx_word' id='word_1_95' title='bbox 1187 897 1418 932; x_wconf 89' lang='lat' dir='ltr'>ineditorum</span> <span class='ocrx_word' id='word_1_96' title='bbox 1455 896 1734 934; x_wconf 84' lang='lat' dir='ltr'>Grammatico-</span> 
     </span>
     <span class='ocr_line' id='line_1_13' title="bbox 320 953 1733 1001; baseline -0.002 -10"><span class='ocrx_word' id='word_1_97' title='bbox 320 965 405 991; x_wconf 89' lang='lat' dir='ltr'>rum</span> <span class='ocrx_word' id='word_1_98' title='bbox 443 958 483 991; x_wconf 90' lang='lat' dir='ltr'>et</span> <span class='ocrx_word' id='word_1_99' title='bbox 519 956 778 1001; x_wconf 88' lang='lat' dir='ltr'>Iuterpretum</span> <span class='ocrx_word' id='word_1_100' title='bbox 809 954 1108 990; x_wconf 84' lang='lat' dir='ltr'>commentarios</span> <span class='ocrx_word' id='word_1_101' title='bbox 1147 964 1169 988; x_wconf 94' lang='lat' dir='ltr'>e</span> <span class='ocrx_word' id='word_1_102' title='bbox 1199 953 1370 988; x_wconf 88' lang='lat' dir='ltr'>tenebris</span> <span class='ocrx_word' id='word_1_103' title='bbox 1408 953 1446 988; x_wconf 92' lang='lat' dir='ltr'>in</span> <span class='ocrx_word' id='word_1_104' title='bbox 1478 953 1604 988; x_wconf 91' lang='lat' dir='ltr'>lucem</span> <span class='ocrx_word' id='word_1_105' title='bbox 1634 962 1733 999; x_wconf 89' lang='lat' dir='ltr'>pro-</span> 
     </span>
     <span class='ocr_line' id='line_1_14' title="bbox 320 1008 1734 1058; baseline -0.002 -12"><span class='ocrx_word' id='word_1_106' title='bbox 320 1011 504 1055; x_wconf 83' lang='lat' dir='ltr'>traxerit,</span> <span class='ocrx_word' id='word_1_107' title='bbox 536 1011 773 1058; x_wconf 85' lang='lat' dir='ltr'>excusserit,</span> <span class='ocrx_word' id='word_1_108' title='bbox 806 1010 1060 1055; x_wconf 74' lang='lat' dir='ltr'>excerpserit,</span> <span class='ocrx_word' id='word_1_109' title='bbox 1090 1009 1370 1054; x_wconf 84' lang='lat' dir='ltr'>descripserit:</span> <span class='ocrx_word' id='word_1_110' title='bbox 1401 1013 1510 1045; x_wconf 83' lang='lat' dir='ltr'>reete</span> <span class='ocrx_word' id='word_1_111' title='bbox 1538 1008 1734 1056; x_wconf 81' lang='lat' dir='ltr'>iudicans,</span> 
     </span>
     <span class='ocr_line' id='line_1_15' title="bbox 320 1064 1732 1114; baseline -0.002 -12"><span class='ocrx_word' id='word_1_112' title='bbox 320 1066 453 1114; x_wconf 89' lang='lat' dir='ltr'>magni</span> <span class='ocrx_word' id='word_1_113' title='bbox 483 1066 635 1113; x_wconf 85' lang='lat' dir='ltr'>ingenii</span> <span class='ocrx_word' id='word_1_114' title='bbox 666 1076 768 1110; x_wconf 88' lang='lat' dir='ltr'>esse,</span> <span class='ocrx_word' id='word_1_115' title='bbox 799 1066 943 1101; x_wconf 84' lang='lat' dir='ltr'>nullum</span> <span class='ocrx_word' id='word_1_116' title='bbox 976 1065 1104 1101; x_wconf 87' lang='lat' dir='ltr'>critici</span> <span class='ocrx_word' id='word_1_117' title='bbox 1134 1064 1306 1099; x_wconf 89' lang='lat' dir='ltr'>muneris</span> <span class='ocrx_word' id='word_1_118' title='bbox 1338 1065 1506 1099; x_wconf 87' lang='lat' dir='ltr'>laborem</span> <span class='ocrx_word' id='word_1_119' title='bbox 1537 1064 1601 1099; x_wconf 89' lang='lat' dir='ltr'>vel</span> <span class='ocrx_word' id='word_1_120' title='bbox 1632 1064 1732 1100; x_wconf 85' lang='lat' dir='ltr'>exti-</span> 
     </span>
     <span class='ocr_line' id='line_1_16' title="bbox 319 1119 1736 1168; baseline -0.002 -10"><span class='ocrx_word' id='word_1_121' title='bbox 319 1131 512 1166; x_wconf 89' lang='lat' dir='ltr'>mescere,</span> <span class='ocrx_word' id='word_1_122' title='bbox 556 1123 617 1157; x_wconf 90' lang='lat' dir='ltr'>vel</span> <span class='ocrx_word' id='word_1_123' title='bbox 656 1121 851 1157; x_wconf 85' lang='lat' dir='ltr'>fastidire.</span> <span class='ocrx_word' id='word_1_124' title='bbox 921 1123 1061 1164; x_wconf 87' lang='lat' dir='ltr'>Porro,</span> <span class='ocrx_word' id='word_1_125' title='bbox 1101 1120 1137 1156; x_wconf 86' lang='lat' dir='ltr'>si</span> <span class='ocrx_word' id='word_1_126' title='bbox 1177 1123 1392 1168; x_wconf 82' lang='lat' dir='ltr'>nostrates,</span> <span class='ocrx_word' id='word_1_127' title='bbox 1434 1119 1500 1165; x_wconf 86' lang='lat' dir='ltr'>qui</span> <span class='ocrx_word' id='word_1_128' title='bbox 1540 1123 1736 1165; x_wconf 72' lang='lat' dir='ltr'>postrema</span> 
     </span>
     <span class='ocr_line' id='line_1_17' title="bbox 317 1175 1739 1228; baseline -0.004 -13"><span class='ocrx_word' id='word_1_129' title='bbox 317 1179 385 1215; x_wconf 84' lang='lat' dir='ltr'>illa</span> <span class='ocrx_word' id='word_1_130' title='bbox 422 1179 582 1214; x_wconf 83' lang='lat' dir='ltr'>fuerunt</span> <span class='ocrx_word' id='word_1_131' title='bbox 631 1181 782 1223; x_wconf 87' lang='lat' dir='ltr'>aetate,</span> <span class='ocrx_word' id='word_1_132' title='bbox 830 1177 990 1228; x_wconf 89' lang='lat' dir='ltr'>Critici,</span> <span class='ocrx_word' id='word_1_133' title='bbox 1034 1176 1383 1220; x_wconf 86' lang='lat' dir='ltr'>llemsterhusius,</span> <span class='ocrx_word' id='word_1_134' title='bbox 1433 1175 1739 1220; x_wconf 79' lang='lat' dir='ltr'>Valckenarius,</span> 
     </span>
     <span class='ocr_line' id='line_1_18' title="bbox 318 1232 1734 1279; baseline -0.003 -8"><span class='ocrx_word' id='word_1_135' title='bbox 318 1234 593 1275; x_wconf 74' lang='lat' dir='ltr'>Ruhnkenius,</span> <span class='ocrx_word' id='word_1_136' title='bbox 624 1234 767 1279; x_wconf 88' lang='lat' dir='ltr'>quique</span> <span class='ocrx_word' id='word_1_137' title='bbox 798 1234 846 1268; x_wconf 88' lang='lat' dir='ltr'>ad</span> <span class='ocrx_word' id='word_1_138' title='bbox 877 1234 1010 1269; x_wconf 91' lang='lat' dir='ltr'>horum</span> <span class='ocrx_word' id='word_1_139' title='bbox 1042 1232 1318 1278; x_wconf 81' lang='lat' dir='ltr'>praestantiam</span> <span class='ocrx_word' id='word_1_140' title='bbox 1346 1232 1518 1276; x_wconf 80' lang='lat' dir='ltr'>proxime</span> <span class='ocrx_word' id='word_1_141' title='bbox 1547 1241 1734 1267; x_wconf 83' lang='lat' dir='ltr'>accesse-</span> 
     </span>
     <span class='ocr_line' id='line_1_19' title="bbox 317 1287 1735 1340; baseline -0.001 -15"><span class='ocrx_word' id='word_1_142' title='bbox 317 1293 422 1340; x_wconf 87' lang='lat' dir='ltr'>runt,</span> <span class='ocrx_word' id='word_1_143' title='bbox 454 1289 751 1337; x_wconf 84' lang='lat' dir='ltr'>Wesselingius</span> <span class='ocrx_word' id='word_1_144' title='bbox 783 1293 821 1324; x_wconf 92' lang='lat' dir='ltr'>et</span> <span class='ocrx_word' id='word_1_145' title='bbox 850 1287 1084 1325; x_wconf 79' lang='lat' dir='ltr'>Piersonus:</span> <span class='ocrx_word' id='word_1_146' title='bbox 1127 1289 1165 1324; x_wconf 90' lang='lat' dir='ltr'>hi</span> <span class='ocrx_word' id='word_1_147' title='bbox 1185 1288 1311 1336; x_wconf 88' lang='lat' dir='ltr'>igitur</span> <span class='ocrx_word' id='word_1_148' title='bbox 1340 1289 1481 1324; x_wconf 90' lang='lat' dir='ltr'>sicum</span> <span class='ocrx_word' id='word_1_149' title='bbox 1506 1287 1614 1335; x_wconf 86' lang='lat' dir='ltr'>aliis,</span> <span class='ocrx_word' id='word_1_150' title='bbox 1644 1287 1735 1323; x_wconf 93' lang='lat' dir='ltr'>vel-</span> 
     </span>
     <span class='ocr_line' id='line_1_20' title="bbox 319 1343 1734 1391; baseline -0.001 -10"><span class='ocrx_word' id='word_1_151' title='bbox 319 1347 377 1382; x_wconf 90' lang='lat' dir='ltr'>uti</span> <span class='ocrx_word' id='word_1_152' title='bbox 414 1346 588 1381; x_wconf 83' lang='lat' dir='ltr'>Gesnero</span> <span class='ocrx_word' id='word_1_153' title='bbox 627 1349 667 1380; x_wconf 90' lang='lat' dir='ltr'>et</span> <span class='ocrx_word' id='word_1_154' title='bbox 697 1347 888 1390; x_wconf 85' lang='lat' dir='ltr'>Ernesto,</span> <span class='ocrx_word' id='word_1_155' title='bbox 930 1348 1223 1391; x_wconf 86' lang='lat' dir='ltr'>comparentur,</span> <span class='ocrx_word' id='word_1_156' title='bbox 1254 1343 1439 1390; x_wconf 85' lang='lat' dir='ltr'>pauciora</span> <span class='ocrx_word' id='word_1_157' title='bbox 1468 1354 1565 1379; x_wconf 85' lang='lat' dir='ltr'>saue</span> <span class='ocrx_word' id='word_1_158' title='bbox 1595 1343 1734 1379; x_wconf 88' lang='lat' dir='ltr'>edide-</span> 
     </span>
     <span class='ocr_line' id='line_1_21' title="bbox 319 1399 1734 1449; baseline -0.003 -11"><span class='ocrx_word' id='word_1_159' title='bbox 319 1403 417 1447; x_wconf 91' lang='lat' dir='ltr'>rint,</span> <span class='ocrx_word' id='word_1_160' title='bbox 461 1401 532 1436; x_wconf 88' lang='lat' dir='ltr'>sed</span> <span class='ocrx_word' id='word_1_161' title='bbox 563 1402 689 1449; x_wconf 86' lang='lat' dir='ltr'>magis</span> <span class='ocrx_word' id='word_1_162' title='bbox 729 1401 796 1437; x_wconf 89' lang='lat' dir='ltr'>illa</span> <span class='ocrx_word' id='word_1_163' title='bbox 826 1403 928 1437; x_wconf 82' lang='lat' dir='ltr'>omni</span> <span class='ocrx_word' id='word_1_164' title='bbox 959 1401 1160 1437; x_wconf 86' lang='lat' dir='ltr'>doctrinae</span> <span class='ocrx_word' id='word_1_165' title='bbox 1191 1404 1380 1446; x_wconf 84' lang='lat' dir='ltr'>apparatu</span> <span class='ocrx_word' id='word_1_166' title='bbox 1410 1400 1610 1447; x_wconf 83' lang='lat' dir='ltr'>absoluta,</span> <span class='ocrx_word' id='word_1_167' title='bbox 1649 1399 1734 1435; x_wconf 88' lang='lat' dir='ltr'>suis</span> 
     </span>
     <span class='ocr_line' id='line_1_22' title="bbox 320 1456 1734 1503; baseline -0.001 -10"><span class='ocrx_word' id='word_1_168' title='bbox 320 1458 417 1494; x_wconf 87' lang='lat' dir='ltr'>locis</span> <span class='ocrx_word' id='word_1_169' title='bbox 449 1458 624 1503; x_wconf 87' lang='lat' dir='ltr'>expleta,</span> <span class='ocrx_word' id='word_1_170' title='bbox 670 1458 793 1493; x_wconf 90' lang='lat' dir='ltr'>omnis</span> <span class='ocrx_word' id='word_1_171' title='bbox 825 1458 1008 1493; x_wconf 87' lang='lat' dir='ltr'>materiae</span> <span class='ocrx_word' id='word_1_172' title='bbox 1039 1458 1160 1493; x_wconf 91' lang='lat' dir='ltr'>veluti</span> <span class='ocrx_word' id='word_1_173' title='bbox 1200 1467 1285 1492; x_wconf 90' lang='lat' dir='ltr'>cum</span> <span class='ocrx_word' id='word_1_174' title='bbox 1327 1456 1548 1502; x_wconf 86' lang='lat' dir='ltr'>pulvisculo</span> <span class='ocrx_word' id='word_1_175' title='bbox 1579 1456 1734 1492; x_wconf 80' lang='lat' dir='ltr'>exhau-</span> 
     </span>
     <span class='ocr_line' id='line_1_23' title="bbox 320 1511 1735 1559; baseline -0.003 -9"><span class='ocrx_word' id='word_1_176' title='bbox 320 1519 406 1550; x_wconf 85' lang='lat' dir='ltr'>stae</span> <span class='ocrx_word' id='word_1_177' title='bbox 437 1523 594 1549; x_wconf 86' lang='lat' dir='ltr'>numero</span> <span class='ocrx_word' id='word_1_178' title='bbox 625 1513 817 1559; x_wconf 89' lang='lat' dir='ltr'>modoque</span> <span class='ocrx_word' id='word_1_179' title='bbox 848 1514 1052 1550; x_wconf 87' lang='lat' dir='ltr'>cumulata.</span> <span class='ocrx_word' id='word_1_180' title='bbox 1113 1513 1235 1558; x_wconf 89' lang='lat' dir='ltr'>Atqui</span> <span class='ocrx_word' id='word_1_181' title='bbox 1266 1511 1526 1548; x_wconf 89' lang='lat' dir='ltr'>Ruhnkenius</span> <span class='ocrx_word' id='word_1_182' title='bbox 1566 1512 1735 1548; x_wconf 81' lang='lat' dir='ltr'>Graeca-</span> 
     </span>
     <span class='ocr_line' id='line_1_24' title="bbox 321 1569 1735 1615; baseline -0.001 -10"><span class='ocrx_word' id='word_1_183' title='bbox 321 1581 401 1605; x_wconf 91' lang='lat' dir='ltr'>rum</span> <span class='ocrx_word' id='word_1_184' title='bbox 441 1570 745 1615; x_wconf 88' lang='lat' dir='ltr'>Latinarumque</span> <span class='ocrx_word' id='word_1_185' title='bbox 788 1570 1005 1605; x_wconf 87' lang='lat' dir='ltr'>Literarum</span> <span class='ocrx_word' id='word_1_186' title='bbox 1055 1573 1199 1604; x_wconf 83' lang='lat' dir='ltr'>tantam</span> <span class='ocrx_word' id='word_1_187' title='bbox 1248 1569 1453 1603; x_wconf 85' lang='lat' dir='ltr'>scientiam</span> <span class='ocrx_word' id='word_1_188' title='bbox 1497 1571 1735 1604; x_wconf 86' lang='lat' dir='ltr'>consecutus</span> 
     </span>
     <span class='ocr_line' id='line_1_25' title="bbox 319 1624 1736 1672; baseline -0.001 -11"><span class='ocrx_word' id='word_1_189' title='bbox 319 1630 402 1672; x_wconf 88' lang='lat' dir='ltr'>est,</span> <span class='ocrx_word' id='word_1_190' title='bbox 442 1629 483 1661; x_wconf 89' lang='lat' dir='ltr'>ut</span> <span class='ocrx_word' id='word_1_191' title='bbox 515 1636 640 1671; x_wconf 87' lang='lat' dir='ltr'>neque</span> <span class='ocrx_word' id='word_1_192' title='bbox 671 1626 806 1660; x_wconf 88' lang='lat' dir='ltr'>critica</span> <span class='ocrx_word' id='word_1_193' title='bbox 841 1626 1048 1668; x_wconf 81' lang='lat' dir='ltr'>facultate,</span> <span class='ocrx_word' id='word_1_194' title='bbox 1094 1635 1218 1670; x_wconf 90' lang='lat' dir='ltr'>neque</span> <span class='ocrx_word' id='word_1_195' title='bbox 1256 1624 1451 1670; x_wconf 85' lang='lat' dir='ltr'>copiarum</span> <span class='ocrx_word' id='word_1_196' title='bbox 1481 1624 1660 1659; x_wconf 88' lang='lat' dir='ltr'>ubertate</span> <span class='ocrx_word' id='word_1_197' title='bbox 1698 1627 1736 1659; x_wconf 92' lang='lat' dir='ltr'>et</span> 
     </span>
     <span class='ocr_line' id='line_1_26' title="bbox 316 1680 1735 1727; baseline -0.001 -11"><span class='ocrx_word' id='word_1_198' title='bbox 316 1681 591 1727; x_wconf 87' lang='lat' dir='ltr'>amplitudine,</span> <span class='ocrx_word' id='word_1_199' title='bbox 638 1681 816 1727; x_wconf 88' lang='lat' dir='ltr'>cuiquam</span> <span class='ocrx_word' id='word_1_200' title='bbox 856 1686 924 1717; x_wconf 90' lang='lat' dir='ltr'>aut</span> <span class='ocrx_word' id='word_1_201' title='bbox 969 1682 1189 1727; x_wconf 84' lang='lat' dir='ltr'>aequalium</span> <span class='ocrx_word' id='word_1_202' title='bbox 1234 1685 1301 1716; x_wconf 93' lang='lat' dir='ltr'>aut</span> <span class='ocrx_word' id='word_1_203' title='bbox 1344 1681 1512 1726; x_wconf 85' lang='lat' dir='ltr'>priorum</span> <span class='ocrx_word' id='word_1_204' title='bbox 1557 1680 1735 1726; x_wconf 88' lang='lat' dir='ltr'>cederet;</span> 
     </span>
     <span class='ocr_line' id='line_1_27' title="bbox 317 1736 1735 1785; baseline -0.002 -12"><span class='ocrx_word' id='word_1_205' title='bbox 317 1737 574 1782; x_wconf 86' lang='lat' dir='ltr'>Antiquitatis</span> <span class='ocrx_word' id='word_1_206' title='bbox 606 1747 698 1772; x_wconf 90' lang='lat' dir='ltr'>vero</span> <span class='ocrx_word' id='word_1_207' title='bbox 730 1742 767 1772; x_wconf 90' lang='lat' dir='ltr'>et</span> <span class='ocrx_word' id='word_1_208' title='bbox 801 1738 1020 1785; x_wconf 73' lang='lat' dir='ltr'>Historiae,</span> <span class='ocrx_word' id='word_1_209' title='bbox 1063 1748 1147 1773; x_wconf 90' lang='lat' dir='ltr'>cum</span> <span class='ocrx_word' id='word_1_210' title='bbox 1181 1738 1378 1782; x_wconf 85' lang='lat' dir='ltr'>reliquae,</span> <span class='ocrx_word' id='word_1_211' title='bbox 1419 1740 1497 1772; x_wconf 92' lang='lat' dir='ltr'>tum</span> <span class='ocrx_word' id='word_1_212' title='bbox 1528 1736 1568 1772; x_wconf 93' lang='lat' dir='ltr'>in</span> <span class='ocrx_word' id='word_1_213' title='bbox 1600 1736 1735 1782; x_wconf 87' lang='lat' dir='ltr'>primis</span> 
     </span>
     <span class='ocr_line' id='line_1_28' title="bbox 318 1792 1734 1840; baseline -0.002 -11"><span class='ocrx_word' id='word_1_214' title='bbox 318 1792 558 1840; x_wconf 80' lang='lat' dir='ltr'>Literariae,</span> <span class='ocrx_word' id='word_1_215' title='bbox 608 1803 708 1837; x_wconf 85' lang='lat' dir='ltr'>quae</span> <span class='ocrx_word' id='word_1_216' title='bbox 756 1793 805 1828; x_wconf 85' lang='lat' dir='ltr'>ad</span> <span class='ocrx_word' id='word_1_217' title='bbox 843 1803 907 1829; x_wconf 91' lang='lat' dir='ltr'>res</span> <span class='ocrx_word' id='word_1_218' title='bbox 954 1793 1176 1838; x_wconf 87' lang='lat' dir='ltr'>scriptaque</span> <span class='ocrx_word' id='word_1_219' title='bbox 1215 1794 1405 1827; x_wconf 88' lang='lat' dir='ltr'>Veterum</span> <span class='ocrx_word' id='word_1_220' title='bbox 1445 1792 1734 1839; x_wconf 82' lang='lat' dir='ltr'>cognoscenda,</span> 
     </span>
     <span class='ocr_line' id='line_1_29' title="bbox 228 1847 1734 1893; baseline -0.004 -4"><span class='ocrx_word' id='word_1_221' title='bbox 228 1851 307 1888; x_wconf 74' lang='lat'>225</span> <span class='ocrx_word' id='word_1_222' title='bbox 324 1858 534 1893; x_wconf 86' lang='lat' dir='ltr'>eorumque</span> <span class='ocrx_word' id='word_1_223' title='bbox 565 1848 738 1883; x_wconf 87' lang='lat' dir='ltr'>notitiam</span> <span class='ocrx_word' id='word_1_224' title='bbox 782 1858 830 1883; x_wconf 82' lang='lat' dir='ltr'>ex</span> <span class='ocrx_word' id='word_1_225' title='bbox 869 1848 1012 1884; x_wconf 87' lang='lat' dir='ltr'>abditis</span> <span class='ocrx_word' id='word_1_226' title='bbox 1050 1849 1296 1893; x_wconf 88' lang='lat' dir='ltr'>antiquorum</span> <span class='ocrx_word' id='word_1_227' title='bbox 1336 1847 1518 1883; x_wconf 91' lang='lat' dir='ltr'>librorum</span> <span class='ocrx_word' id='word_1_228' title='bbox 1559 1848 1734 1883; x_wconf 89' lang='lat' dir='ltr'>recessi-</span> 
     </span>
     <span class='ocr_line' id='line_1_30' title="bbox 315 1903 1736 1950; baseline -0.002 -8"><span class='ocrx_word' id='word_1_229' title='bbox 315 1908 389 1942; x_wconf 87' lang='lat' dir='ltr'>bus</span> <span class='ocrx_word' id='word_1_230' title='bbox 420 1904 665 1939; x_wconf 85' lang='lat' dir='ltr'>excitandam</span> <span class='ocrx_word' id='word_1_231' title='bbox 698 1905 888 1949; x_wconf 88' lang='lat' dir='ltr'>refertur‚</span> <span class='ocrx_word' id='word_1_232' title='bbox 935 1913 1044 1939; x_wconf 90' lang='lat' dir='ltr'>nemo</span> <span class='ocrx_word' id='word_1_233' title='bbox 1082 1904 1159 1949; x_wconf 86' lang='lat' dir='ltr'>ipsi</span> <span class='ocrx_word' id='word_1_234' title='bbox 1190 1903 1403 1947; x_wconf 88' lang='lat' dir='ltr'>comparari</span> <span class='ocrx_word' id='word_1_235' title='bbox 1434 1903 1576 1950; x_wconf 85' lang='lat' dir='ltr'>possit,</span> <span class='ocrx_word' id='word_1_236' title='bbox 1619 1908 1736 1949; x_wconf 88' lang='lat' dir='ltr'>atque</span> 
     </span>
     <span class='ocr_line' id='line_1_31' title="bbox 317 1959 1736 2006; baseline -0.001 -9"><span class='ocrx_word' id='word_1_237' title='bbox 317 1971 402 1997; x_wconf 93' lang='lat' dir='ltr'>cum</span> <span class='ocrx_word' id='word_1_238' title='bbox 443 1959 651 2006; x_wconf 75' lang='lat' dir='ltr'>diligentia</span> <span class='ocrx_word' id='word_1_239' title='bbox 694 1960 896 2004; x_wconf 87' lang='lat' dir='ltr'>copiisque</span> <span class='ocrx_word' id='word_1_240' title='bbox 936 1959 1132 2006; x_wconf 86' lang='lat' dir='ltr'>Fabricii,</span> <span class='ocrx_word' id='word_1_241' title='bbox 1173 1959 1429 1994; x_wconf 85' lang='lat' dir='ltr'>subtilitatem</span> <span class='ocrx_word' id='word_1_242' title='bbox 1471 1959 1736 2004; x_wconf 87' lang='lat' dir='ltr'>rationemque</span> 
     </span>
     <span class='ocr_line' id='line_1_32' title="bbox 316 2015 1733 2061; baseline -0.002 -8"><span class='ocrx_word' id='word_1_243' title='bbox 316 2015 439 2053; x_wconf 87' lang='lat' dir='ltr'>lonsii</span> <span class='ocrx_word' id='word_1_244' title='bbox 469 2015 738 2061; x_wconf 82' lang='lat' dir='ltr'>coniungeret,</span> <span class='ocrx_word' id='word_1_245' title='bbox 771 2020 978 2060; x_wconf 88' lang='lat' dir='ltr'>utrumque</span> <span class='ocrx_word' id='word_1_246' title='bbox 999 2025 1093 2050; x_wconf 88' lang='lat' dir='ltr'>vero</span> <span class='ocrx_word' id='word_1_247' title='bbox 1125 2015 1264 2050; x_wconf 88' lang='lat' dir='ltr'>critica</span> <span class='ocrx_word' id='word_1_248' title='bbox 1289 2015 1476 2050; x_wconf 80' lang='lat' dir='ltr'>facultate</span> <span class='ocrx_word' id='word_1_249' title='bbox 1494 2024 1580 2050; x_wconf 84' lang='lat' dir='ltr'>cum</span> <span class='ocrx_word' id='word_1_250' title='bbox 1601 2025 1733 2050; x_wconf 91' lang='lat' dir='ltr'>emen-</span> 
     </span>
     <span class='ocr_line' id='line_1_33' title="bbox 317 2070 1735 2118; baseline 0 -12"><span class='ocrx_word' id='word_1_251' title='bbox 317 2072 447 2117; x_wconf 83' lang='lat' dir='ltr'>dandi,</span> <span class='ocrx_word' id='word_1_252' title='bbox 480 2075 559 2105; x_wconf 88' lang='lat' dir='ltr'>tum</span> <span class='ocrx_word' id='word_1_253' title='bbox 590 2070 805 2114; x_wconf 89' lang='lat' dir='ltr'>iudicandi,</span> <span class='ocrx_word' id='word_1_254' title='bbox 834 2071 953 2118; x_wconf 86' lang='lat' dir='ltr'>longe</span> <span class='ocrx_word' id='word_1_255' title='bbox 981 2071 1174 2117; x_wconf 87' lang='lat' dir='ltr'>longeque</span> <span class='ocrx_word' id='word_1_256' title='bbox 1205 2074 1421 2116; x_wconf 87' lang='lat' dir='ltr'>superaret.</span> <span class='ocrx_word' id='word_1_257' title='bbox 1481 2070 1624 2106; x_wconf 89' lang='lat' dir='ltr'>Nullus</span> <span class='ocrx_word' id='word_1_258' title='bbox 1655 2075 1735 2106; x_wconf 82' lang='lat' dir='ltr'>erat</span> 
     </span>
     <span class='ocr_line' id='line_1_34' title="bbox 317 2126 1735 2175; baseline -0.001 -10"><span class='ocrx_word' id='word_1_259' title='bbox 317 2129 492 2165; x_wconf 86' lang='lat' dir='ltr'>Graecus</span> <span class='ocrx_word' id='word_1_260' title='bbox 510 2126 739 2171; x_wconf 86' lang='lat' dir='ltr'>Latinusve,</span> <span class='ocrx_word' id='word_1_261' title='bbox 760 2126 891 2168; x_wconf 82' lang='lat' dir='ltr'>Poeta,</span> <span class='ocrx_word' id='word_1_262' title='bbox 914 2126 1186 2173; x_wconf 85' lang='lat' dir='ltr'>Philosophus,</span> <span class='ocrx_word' id='word_1_263' title='bbox 1209 2126 1444 2175; x_wconf 77' lang='lat' dir='ltr'>Historicus,</span> <span class='ocrx_word' id='word_1_264' title='bbox 1457 2127 1608 2173; x_wconf 88' lang='lat' dir='ltr'>Orator,</span> <span class='ocrx_word' id='word_1_265' title='bbox 1628 2127 1735 2163; x_wconf 83' lang='lat' dir='ltr'>Rhe-</span> 
     </span>
     <span class='ocr_line' id='line_1_35' title="bbox 318 2182 1735 2230; baseline -0.001 -11"><span class='ocrx_word' id='word_1_266' title='bbox 318 2188 398 2224; x_wconf 79' lang='lat' dir='ltr'>tor,</span> <span class='ocrx_word' id='word_1_267' title='bbox 432 2183 730 2226; x_wconf 85' lang='lat' dir='ltr'>Grammaticus,</span> <span class='ocrx_word' id='word_1_268' title='bbox 765 2182 1112 2230; x_wconf 81' lang='lat' dir='ltr'>LexicographuS,</span> <span class='ocrx_word' id='word_1_269' title='bbox 1144 2183 1410 2226; x_wconf 77' lang='lat' dir='ltr'>scholiastes,</span> <span class='ocrx_word' id='word_1_270' title='bbox 1448 2184 1735 2220; x_wconf 72' lang='lat' dir='ltr'>Commentator</span> 
     </span>
     <span class='ocr_line' id='line_1_36' title="bbox 319 2238 1734 2285; baseline 0 -11"><span class='ocrx_word' id='word_1_271' title='bbox 319 2238 541 2275; x_wconf 79' lang='lat' dir='ltr'>Platonicus</span> <span class='ocrx_word' id='word_1_272' title='bbox 572 2244 638 2273; x_wconf 86' lang='lat' dir='ltr'>aut</span> <span class='ocrx_word' id='word_1_273' title='bbox 665 2239 971 2285; x_wconf 82' lang='lat' dir='ltr'>Aristotelicus,</span> <span class='ocrx_word' id='word_1_274' title='bbox 1004 2238 1132 2274; x_wconf 90' lang='lat' dir='ltr'>nullus</span> <span class='ocrx_word' id='word_1_275' title='bbox 1165 2239 1442 2283; x_wconf 86' lang='lat' dir='ltr'>cuiuscumque</span> <span class='ocrx_word' id='word_1_276' title='bbox 1464 2240 1625 2285; x_wconf 87' lang='lat' dir='ltr'>generis</span> <span class='ocrx_word' id='word_1_277' title='bbox 1648 2239 1734 2274; x_wconf 83' lang='lat' dir='ltr'>sive</span> 
     </span>
     <span class='ocr_line' id='line_1_37' title="bbox 318 2293 1734 2340; baseline 0 -10"><span class='ocrx_word' id='word_1_278' title='bbox 318 2296 445 2330; x_wconf 90' lang='lat' dir='ltr'>editus</span> <span class='ocrx_word' id='word_1_279' title='bbox 476 2295 561 2329; x_wconf 88' lang='lat' dir='ltr'>sive</span> <span class='ocrx_word' id='word_1_280' title='bbox 600 2293 771 2330; x_wconf 90' lang='lat' dir='ltr'>ineditus</span> <span class='ocrx_word' id='word_1_281' title='bbox 802 2295 998 2340; x_wconf 78' lang='lat' dir='ltr'>scriptor,</span> <span class='ocrx_word' id='word_1_282' title='bbox 1039 2295 1145 2329; x_wconf 84' lang='lat' dir='ltr'>nulla</span> <span class='ocrx_word' id='word_1_283' title='bbox 1175 2294 1342 2339; x_wconf 88' lang='lat' dir='ltr'>denique</span> <span class='ocrx_word' id='word_1_284' title='bbox 1372 2293 1734 2331; x_wconf 78' lang='lat' dir='ltr'>docti‘historieive</span> 
     </span>
     <span class='ocr_line' id='line_1_38' title="bbox 318 2349 1733 2401; baseline 0 -16"><span class='ocrx_word' id='word_1_285' title='bbox 318 2349 541 2397; x_wconf 86' lang='lat' dir='ltr'>argumenti</span> <span class='ocrx_word' id='word_1_286' title='bbox 581 2350 816 2401; x_wconf 89' lang='lat' dir='ltr'>Inscriptio,</span> <span class='ocrx_word' id='word_1_287' title='bbox 858 2351 1004 2386; x_wconf 90' lang='lat' dir='ltr'>nullum</span> <span class='ocrx_word' id='word_1_288' title='bbox 1046 2350 1200 2386; x_wconf 91' lang='lat' dir='ltr'>omnino</span> <span class='ocrx_word' id='word_1_289' title='bbox 1248 2350 1426 2386; x_wconf 87' lang='lat' dir='ltr'>eruditae</span> <span class='ocrx_word' id='word_1_290' title='bbox 1472 2350 1733 2395; x_wconf 85' lang='lat' dir='ltr'>Antiquitatis</span> 
     </span>
     <span class='ocr_line' id='line_1_39' title="bbox 319 2406 1732 2457; baseline 0.001 -17"><span class='ocrx_word' id='word_1_291' title='bbox 319 2407 628 2457; x_wconf 86' lang='lat' dir='ltr'>monumentum,</span> <span class='ocrx_word' id='word_1_292' title='bbox 675 2407 765 2451; x_wconf 88' lang='lat' dir='ltr'>quin</span> <span class='ocrx_word' id='word_1_293' title='bbox 797 2406 835 2442; x_wconf 87' lang='lat' dir='ltr'>id</span> <span class='ocrx_word' id='word_1_294' title='bbox 867 2407 1086 2454; x_wconf 84' lang='lat' dir='ltr'>cognitum,</span> <span class='ocrx_word' id='word_1_295' title='bbox 1128 2410 1317 2452; x_wconf 83' lang='lat' dir='ltr'>notatum,</span> <span class='ocrx_word' id='word_1_296' title='bbox 1358 2408 1662 2451; x_wconf 83' lang='lat' dir='ltr'>excerptumque</span> <span class='ocrx_word' id='word_1_297' title='bbox 1691 2406 1732 2442; x_wconf 90' lang='lat' dir='ltr'>in</span> 
     </span>
     <span class='ocr_line' id='line_1_40' title="bbox 322 2461 1733 2499; baseline 0.002 -4"><span class='ocrx_word' id='word_1_298' title='bbox 322 2461 563 2497; x_wconf 87' lang='lat' dir='ltr'>adversariis</span> <span class='ocrx_word' id='word_1_299' title='bbox 595 2464 765 2497; x_wconf 88' lang='lat' dir='ltr'>teneret:</span> <span class='ocrx_word' id='word_1_300' title='bbox 811 2462 911 2497; x_wconf 87' lang='lat' dir='ltr'>unde</span> <span class='ocrx_word' id='word_1_301' title='bbox 944 2463 1088 2498; x_wconf 91' lang='lat' dir='ltr'>nullius</span> <span class='ocrx_word' id='word_1_302' title='bbox 1129 2473 1203 2498; x_wconf 88' lang='lat' dir='ltr'>non</span> <span class='ocrx_word' id='word_1_303' title='bbox 1235 2462 1395 2498; x_wconf 88' lang='lat' dir='ltr'>Veteris</span> <span class='ocrx_word' id='word_1_304' title='bbox 1426 2462 1482 2497; x_wconf 90' lang='lat' dir='ltr'>rei</span> <span class='ocrx_word' id='word_1_305' title='bbox 1514 2462 1733 2499; x_wconf 83' lang='lat' dir='ltr'>hominisve</span> 
     </span>
     <span class='ocr_line' id='line_1_41' title="bbox 320 2517 1730 2567; baseline 0.001 -14"><span class='ocrx_word' id='word_1_306' title='bbox 320 2521 528 2553; x_wconf 82' lang='lat' dir='ltr'>emortuam</span> <span class='ocrx_word' id='word_1_307' title='bbox 572 2517 793 2553; x_wconf 88' lang='lat' dir='ltr'>memoriam</span> <span class='ocrx_word' id='word_1_308' title='bbox 831 2519 1004 2554; x_wconf 88' lang='lat' dir='ltr'>excitare</span> <span class='ocrx_word' id='word_1_309' title='bbox 1045 2522 1083 2554; x_wconf 90' lang='lat' dir='ltr'>et</span> <span class='ocrx_word' id='word_1_310' title='bbox 1121 2518 1169 2553; x_wconf 84' lang='lat' dir='ltr'>ad</span> <span class='ocrx_word' id='word_1_311' title='bbox 1217 2519 1321 2554; x_wconf 87' lang='lat' dir='ltr'>vitae</span> <span class='ocrx_word' id='word_1_312' title='bbox 1361 2518 1486 2553; x_wconf 87' lang='lat' dir='ltr'>lucem</span> <span class='ocrx_word' id='word_1_313' title='bbox 1529 2528 1730 2567; x_wconf 86' lang='lat' dir='ltr'>revocare,</span> 
     </span>
     <span class='ocr_line' id='line_1_42' title="bbox 318 2572 1732 2621; baseline 0.001 -13"><span class='ocrx_word' id='word_1_314' title='bbox 318 2572 512 2618; x_wconf 86' lang='lat' dir='ltr'>huiusque</span> <span class='ocrx_word' id='word_1_315' title='bbox 542 2573 693 2617; x_wconf 79' lang='lat' dir='ltr'>sylvae,</span> <span class='ocrx_word' id='word_1_316' title='bbox 725 2577 915 2620; x_wconf 89' lang='lat' dir='ltr'>tamquam</span> <span class='ocrx_word' id='word_1_317' title='bbox 948 2575 1094 2617; x_wconf 87' lang='lat' dir='ltr'>acervi,</span> <span class='ocrx_word' id='word_1_318' title='bbox 1124 2574 1298 2620; x_wconf 86' lang='lat' dir='ltr'>partibus</span> <span class='ocrx_word' id='word_1_319' title='bbox 1329 2573 1556 2621; x_wconf 80' lang='lat' dir='ltr'>digerendis</span> <span class='ocrx_word' id='word_1_320' title='bbox 1597 2577 1635 2610; x_wconf 92' lang='lat' dir='ltr'>et</span> <span class='ocrx_word' id='word_1_321' title='bbox 1664 2574 1732 2610; x_wconf 90' lang='lat' dir='ltr'>in-</span> 
     </span>
     <span class='ocr_line' id='line_1_43' title="bbox 317 2629 1733 2677; baseline 0.003 -15"><span class='ocrx_word' id='word_1_322' title='bbox 317 2629 443 2663; x_wconf 90' lang='lat' dir='ltr'>vicem</span> <span class='ocrx_word' id='word_1_323' title='bbox 482 2630 752 2674; x_wconf 82' lang='lat' dir='ltr'>conferendis,</span> <span class='ocrx_word' id='word_1_324' title='bbox 792 2631 1012 2677; x_wconf 83' lang='lat' dir='ltr'>agitandis,</span> <span class='ocrx_word' id='word_1_325' title='bbox 1053 2630 1247 2674; x_wconf 87' lang='lat' dir='ltr'>terendis,</span> <span class='ocrx_word' id='word_1_326' title='bbox 1287 2629 1417 2664; x_wconf 89' lang='lat' dir='ltr'>abdita</span> <span class='ocrx_word' id='word_1_327' title='bbox 1446 2629 1553 2676; x_wconf 89' lang='lat' dir='ltr'>ignis</span> <span class='ocrx_word' id='word_1_328' title='bbox 1584 2631 1733 2666; x_wconf 84' lang='lat' dir='ltr'>semina</span> 
     </span>
     <span class='ocr_line' id='line_1_44' title="bbox 318 2684 1732 2732; baseline 0.003 -14"><span class='ocrx_word' id='word_1_329' title='bbox 318 2684 486 2729; x_wconf 88' lang='lat' dir='ltr'>elicere,</span> <span class='ocrx_word' id='word_1_330' title='bbox 517 2687 556 2719; x_wconf 90' lang='lat' dir='ltr'>et</span> <span class='ocrx_word' id='word_1_331' title='bbox 586 2686 696 2729; x_wconf 84' lang='lat' dir='ltr'>quasi</span> <span class='ocrx_word' id='word_1_332' title='bbox 727 2687 850 2722; x_wconf 82' lang='lat' dir='ltr'>facem</span> <span class='ocrx_word' id='word_1_333' title='bbox 882 2686 1110 2732; x_wconf 88' lang='lat' dir='ltr'>accendere,</span> <span class='ocrx_word' id='word_1_334' title='bbox 1141 2689 1294 2732; x_wconf 85' lang='lat' dir='ltr'>posset,</span> <span class='ocrx_word' id='word_1_335' title='bbox 1327 2696 1400 2731; x_wconf 91' lang='lat' dir='ltr'>qua</span> <span class='ocrx_word' id='word_1_336' title='bbox 1432 2685 1732 2722; x_wconf 88' lang='lat' dir='ltr'>obscurissimos</span> 
     </span>
     <span class='ocr_line' id='line_1_45' title="bbox 317 2739 1732 2788; baseline 0.002 -13"><span class='ocrx_word' id='word_1_337' title='bbox 317 2742 355 2775; x_wconf 91' lang='lat' dir='ltr'>et</span> <span class='ocrx_word' id='word_1_338' title='bbox 393 2739 536 2775; x_wconf 90' lang='lat' dir='ltr'>nemini</span> <span class='ocrx_word' id='word_1_339' title='bbox 585 2742 763 2786; x_wconf 78' lang='lat' dir='ltr'>cognitos</span> <span class='ocrx_word' id='word_1_340' title='bbox 805 2743 1063 2788; x_wconf 87' lang='lat' dir='ltr'>Antiquitatis</span> <span class='ocrx_word' id='word_1_341' title='bbox 1116 2752 1297 2778; x_wconf 88' lang='lat' dir='ltr'>recessus</span> <span class='ocrx_word' id='word_1_342' title='bbox 1337 2743 1578 2786; x_wconf 83' lang='lat' dir='ltr'>patefaceret</span> <span class='ocrx_word' id='word_1_343' title='bbox 1615 2746 1732 2788; x_wconf 87' lang='lat' dir='ltr'>atque</span> 
     </span>
     <span class='ocr_line' id='line_1_46' title="bbox 317 2795 1732 2835; baseline 0.003 -4"><span class='ocrx_word' id='word_1_344' title='bbox 317 2795 541 2831; x_wconf 83' lang='lat' dir='ltr'>illustraret.</span> <span class='ocrx_word' id='word_1_345' title='bbox 609 2796 694 2833; x_wconf 84' lang='lat' dir='ltr'>Nec</span> <span class='ocrx_word' id='word_1_346' title='bbox 732 2798 860 2834; x_wconf 88' lang='lat' dir='ltr'>minus</span> <span class='ocrx_word' id='word_1_347' title='bbox 899 2802 982 2835; x_wconf 86' lang='lat' dir='ltr'>erat</span> <span class='ocrx_word' id='word_1_348' title='bbox 1023 2802 1201 2835; x_wconf 87' lang='lat' dir='ltr'>versatus</span> <span class='ocrx_word' id='word_1_349' title='bbox 1240 2799 1277 2835; x_wconf 88' lang='lat' dir='ltr'>in</span> <span class='ocrx_word' id='word_1_350' title='bbox 1319 2799 1534 2835; x_wconf 90' lang='lat' dir='ltr'>recentiore</span> <span class='ocrx_word' id='word_1_351' title='bbox 1573 2799 1732 2835; x_wconf 68' lang='lat' dir='ltr'>Litern-</span> 
     </span>
    </p>
   </div>
  </div>
 </body>
</html>
