1816 3233
827 196 1138 240 ——226—

279 311 430 354 Aequali
453 311 580 342 tenore
603 306 681 341 174.

283 357 489 398 Aequalitas
513 354 590 386 179.

282 405 380 435 Aera
404 400 480 432 194.

284 449 358 480 Aes
389 451 506 486 grave
543 443 727 484 antiquor.
758 441 956 474 Romanor.

327 490 405 522 180.
429 497 516 522 aere
540 490 644 530 gravi
664 488 821 530 (grandi)
838 496 959 521 emere

327 534 416 566 ibid.

284 582 487 613 Aestimare
510 578 632 619 multi,
665 579 803 619 magni,
835 578 961 618 plum,

328 625 495 663 maiorm,
527 625 674 656 maioris
708 625 819 662 pretii
849 623 883 655 et
906 623 960 654 si-

328 670 404 702 mil.
429 669 509 700 176.

287 717 509 748 Aestimator
531 714 565 745 et
589 714 813 746 existimator
838 713 916 746 181.

285 762 399 793 Aetas
423 763 611 800 provecta,
650 761 856 799 provectior
883 758 960 790 191.

330 806 474 846 longius
490 807 675 844 provecta,
690 804 859 845 grandior
874 803 960 835 ibid.

331 854 451 882 aetate
468 852 688 890 provectior,
711 851 862 890 gravior
874 848 960 881 ibid.

332 898 455 927 aetate
479 896 683 927 recentiore
707 894 785 925 177.

286 943 426 974 Aevum
441 939 518 972 171.
531 939 609 971 202.
629 941 867 980 Byzantiuum
884 939 962 971 176.

286 987 456 1018 Afflatus:
481 984 555 1016 vid.
575 984 784 1016 Instinctus.

288 1031 492 1063 Affunditur
516 1028 696 1070 (affertur)
721 1030 780 1061 lux
806 1029 883 1061 199.

289 1077 391 1108 Asuit
415 1075 449 1106 et
472 1070 583 1106 abfuit
607 1074 689 1106 198.

290 1123 366 1163 Age
397 1127 478 1151 cum
502 1118 650 1151 Plural.
684 1117 780 1150 verb.
806 1118 962 1157 copula-

334 1166 420 1198 tur.-
444 1173 511 1206 age
535 1165 767 1196 subiiciamus
788 1164 868 1195 201.

289 1213 410 1254 Agere
445 1211 580 1252 gratias
614 1209 696 1242 205.
741 1210 822 1249 quid
859 1204 963 1248 agis?

335 1256 417 1297 quid
442 1263 564 1288 rerum
595 1250 701 1296 agis?
733 1255 811 1286 198.
852 1263 965 1296 agere

336 1301 431 1333 male
453 1300 647 1340 suppletur
677 1299 716 1331 in
740 1298 852 1340 form.
885 1301 965 1341 quid

336 1347 399 1379 tibi
420 1339 572 1378 videor?
597 1344 675 1376 197.

291 1391 455 1433 Aggredi
478 1390 522 1422 ad
546 1390 675 1431 aliquid
700 1390 777 1422 195.
803 1398 874 1430 seq.
899 1388 963 1421 1η-

334 1435 466 1478 finitiv.
491 1437 577 1468 ibid.

290 1484 475 1524 Agitatum
499 1485 653 1522 tempus:
677 1479 750 1512 vid.
776 1480 943 1520 Tempus.

290 1530 353 1560 Ait
385 1527 419 1558 et
450 1528 563 1567 inquit
601 1524 679 1557 181.
714 1524 835 1557 aiebat
874 1532 965 1564 per-

335 1580 466 1613 peram
488 1571 648 1611 positum
670 1569 732 1601 ubi
755 1573 805 1603 ait
828 1571 886 1602 vel
908 1572 967 1602 iu-

337 1620 412 1658 quit
434 1617 641 1658 requiritur
670 1616 743 1648 181.
773 1616 849 1648 191.

291 1664 459 1696 Alienus:
483 1662 557 1694 vid.
583 1662 695 1694 Haud.

291 1709 451 1749 Alligare
487 1717 528 1740 se
563 1709 702 1740 muneri
739 1706 797 1747 (ad
827 1703 967 1747 munus)

342 1754 416 1786 179.

293 1800 398 1831 Alter
418 1801 523 1836 pater
537 1796 699 1838 (parens)
714 1795 791 1828 195.
816 1797 968 1828 alterum

339 1847 377 1876 ut
407 1842 528 1884 (quod)
566 1844 642 1874 175.
677 1842 771 1874 alter
804 1849 890 1872 uum
921 1840 968 1872 sit

339 1888 364 1919 ι’.
388 1895 421 1928 q.
448 1889 539 1919 alius
564 1890 640 1929 quis
663 1888 742 1919 203.

295 1934 440 1965 Ambire
465 1932 619 1974 (petere)
643 1931 771 1972 aliquid
795 1930 875 1962 204.

293 1979 454 2010 Ambitio
482 1978 676 2014 titulorum,
704 1978 842 2018 gloriae
866 1975 945 2006 179.

295 2023 490 2055 Ambulare
514 2030 579 2063 per
602 2023 817 2058 auditorium
843 2020 893 2063 (in
906 2030 970 2053 au-

340 2067 487 2108 ditorio)
515 2069 590 2099 186.

296 2115 548 2145 Ammianus
567 2112 773 2145 Marcell.
801 2111 877 2143 178.
902 2111 970 2144 ter.

296 2160 544 2190 Amoenitates
569 2158 767 2189 studiorum
790 2155 868 2187 196.

298 2204 460 2243 Amplius
490 2202 569 2235 204.
605 2203 686 2234 206.
721 2210 793 2234 non
822 2202 971 2242 amplius

343 2248 442 2290 (iam)
467 2247 546 2280 179.
570 2247 650 2279 196.

297 2294 356 2325 An
380 2292 456 2324 187.
483 2292 547 2324 bis.
584 2294 703 2325 dubito
726 2300 771 2325 an
793 2299 865 2332 pro
890 2300 973 2324 num

341 2338 401 2379 (an
425 2339 513 2377 nou)
537 2336 616 2369 171.

297 2383 474 2423 Angustia
495 2391 567 2422 pro
590 2385 764 2424 angustiis
790 2381 868 2414 197.

296 2428 572 2460 Animadversio
597 2426 676 2459 174.
700 2427 779 2460 176.
806 2428 884 2460 177.

299 2474 598 2505 Animadvertere
638 2472 716 2505 177.
763 2475 807 2506 ad
845 2474 972 2516 aliquid

346 2516 506 2559 (aliquid)
532 2517 610 2549 174.

299 2562 446 2594 Animus
485 2565 656 2603 pecuniae
696 2566 901 2596 contemtor
940 2564 974 2595 et

344 2607 452 2638 simil.
479 2609 555 2640 199.
603 2611 708 2640 anim.
734 2610 829 2641 mole
857 2617 973 2641 rerum

344 2652 537 2685 distractus
561 2653 636 2684 201.
664 2656 771 2686 animi
793 2657 975 2695 aegrimo-

344 2699 404 2728 nia
440 2698 654 2739 (aegritudo)
698 2699 775 2730 184.
822 2702 974 2731 animum

343 2743 529 2782 inducere,
565 2745 602 2774 in
629 2746 782 2775 animum
807 2746 975 2777 inducere

344 2786 423 2819 172.
459 2790 611 2822 animum
634 2791 790 2831 irrigare
813 2790 973 2824 fontibus

1067 310 1205 341 literar.
1230 308 1403 348 antiquar.
1427 307 1511 341 172.
1543 307 1700 341 animum

1069 363 1168 386 suum
1218 353 1409 385 consulere
1451 354 1530 386 205.
1577 355 1694 386 animo

1070 400 1138 430 sibi
1161 399 1296 439 fingere
1319 398 1397 430 172.

1026 444 1128 475 Ausa
1153 443 1230 474 173.

1028 491 1247 528 Anteaquam
1270 487 1350 520 175.
1373 486 1455 520 200.

1028 536 1249 566 Antecessor
1272 532 1351 564 185.

1029 580 1228 619 Antiquitas
1261 577 1305 609 de
1334 575 1534 608 hominibus
1564 584 1702 617 quoque

1073 624 1145 656 dic.
1168 623 1248 655 177.
1273 631 1364 654 unus
1389 624 1543 654 omnium
1567 624 1603 653 in
1627 625 1702 654 tota

1076 670 1285 709 antiquitate
1322 668 1432 708 (unus
1471 669 1578 699 totius
1608 668 1701 699 anti-

1076 715 1235 754 quitatis)
1259 715 1411 746 maxime
1434 711 1522 744 ibid.

1031 760 1183 799 Aperite
1208 767 1249 791 os
1273 759 1316 790 ad
1340 758 1527 790 dicendum
1555 757 1633 790 194.

1030 805 1246 845 Apographa
1268 802 1347 835 180.

1032 851 1215 882 Arbitratu
1240 857 1306 880 suo
1330 847 1409 880 202.

1030 896 1243 927 Arbitrium:
1280 893 1323 925 ad
1349 901 1449 926 suum
1472 894 1595 926 arbitr.
1620 892 1704 926 202.

1030 942 1253 972 Arcessitum
1277 939 1356 970 175.

1032 986 1365 1023 Aristophanes
1390 985 1426 1015 in
1450 985 1539 1015 Rau.
1563 982 1643 1015 187.

1031 1031 1296 1062 Arusianus
1321 1031 1499 1060 Messus
1524 1028 1600 1060 198.

1031 1076 1217 1107 Assecutio
1241 1073 1319 1104 178.

1032 1123 1202 1152 Assertor
1227 1119 1304 1150 173.

1032 1167 1240 1197 Auctarium
1265 1163 1344 1195 192.

1032 1211 1160 1243 Auctio
1197 1209 1274 1241 192.
1310 1209 1486 1241 auctionis
1520 1208 1708 1248 catalogus

1077 1255 1163 1287 ibid.
1226 1256 1425 1287 auctionem
1478 1256 1709 1292 constituere,

1079 1308 1303 1342 proponere,
1349 1299 1578 1340 proscribere
1619 1296 1707 1329 ibid.

1079 1347 1263 1386 auctione,
1298 1346 1336 1377 in
1360 1346 1526 1377 auctione
1551 1343 1709 1377 vendere

1078 1391 1171 1432 aliqd
1193 1390 1281 1422 ibid.

1034 1438 1172 1469 Aucto
1181 1444 1198 1467 r
1215 1437 1412 1477 argumenti
1425 1436 1515 1466 orat.
1524 1434 1709 1466 Demosth.

1080 1484 1116 1513 in
1150 1482 1250 1522 Lept.
1288 1479 1366 1512 195.
1411 1480 1495 1512 libri
1529 1479 1573 1512 de
1609 1479 1708 1512 Bello

1081 1527 1184 1558 Alex.
1211 1525 1293 1557 185.

1035 1574 1216 1605 Auctores
1240 1571 1383 1603 classici
1406 1570 1484 1602 176.

1037 1619 1245 1651 Auctoritas
1268 1614 1388 1656 spuria
1410 1615 1489 1647 207.

1036 1665 1210 1695 Auferre:
1233 1662 1306 1693 vid.
1331 1660 1570 1693 Pulvisculus.

1038 1711 1154 1741 Aures
1179 1716 1262 1739 suas
1286 1706 1475 1739 consulere
1498 1706 1579 1738 205.

1039 1755 1224 1785 Balthasar
1249 1753 1325 1784 193.

1037 1800 1131 1830 Bene
1155 1800 1283 1830 Latine
1305 1797 1384 1829 202.

1036 1844 1282 1883 Bibliopolium
1314 1850 1386 1881 pro
1420 1841 1568 1874 taberna
1601 1839 1712 1872 libra-

1104 1890 1158 1920 ria
1186 1887 1263 1919 180.

1037 1936 1181 1965 Bonitas
1207 1933 1393 1973 orationis,
1417 1931 1609 1963 verborum
1633 1929 1710 1963 139.

1039 1981 1179 2011 Bonus:
1201 1978 1275 2009 vid.
1299 1977 1539 2008 Adulterinus.

1037 2026 1146 2057 Brevi
1180 2021 1217 2064 (i.
1235 2032 1263 2054 e.
1290 2023 1465 2062 breviter,
1487 2019 1625 2062 paucis)
1657 2021 1713 2054 di-

1086 2077 1169 2102 cere
1194 2069 1269 2100 192.

1042 2114 1181 2147 Cadere
1206 2116 1242 2145 in
1267 2112 1502 2145 offensionem
1524 2111 1605 2145 201.

1040 2160 1206 2192 caeleste
1231 2162 1394 2200 quantum
1424 2158 1605 2190 aberravit
1630 2156 1708 2189 187.

1041 2206 1208 2237 Caesar
1233 2204 1276 2235 de
1301 2204 1399 2236 Bello
1423 2203 1512 2235 Gall.
1537 2202 1614 2235 208.

1041 2251 1206 2283 Caeteri:
1241 2257 1328 2288 prae
1366 2250 1546 2289 caeteris,
1571 2249 1714 2289 praeter

1088 2293 1224 2335 (supra)
1250 2298 1414 2326 caeteros
1432 2293 1509 2325 177.

1043 2339 1186 2373 Callere
1232 2339 1310 2372 178.
1358 2339 1491 2370 callens
1538 2338 1714 2379 quomodo

1086 2384 1325 2416 construatur
1360 2384 1444 2416 ibid.
1495 2385 1717 2416 callentissi-

1087 2440 1164 2463 mus
1186 2429 1273 2461 ibid.
1517 2441 1525 2446 ·

1045 2475 1152 2508 calx:
1177 2475 1250 2507 vid.
1277 2475 1340 2506 Ad.

1044 2521 1158 2554 Canes
1183 2522 1338 2552 venatici
1361 2519 1440 2552 207.
1466 2527 1574 2551 canes
1589 2515 1715 2560 (vena-

1088 2565 1196 2605 ticae)
1221 2567 1393 2606 egregiae
1415 2563 1500 2596 ibid.

1043 2611 1146 2650 Capit
1170 2619 1225 2642 me
1250 2613 1302 2642 rei
1327 2610 1461 2642 oblivio
1487 2609 1565 2642 181.

1043 2656 1197 2696 Captura
1220 2655 1399 2687 luculenta
1424 2656 1502 2686 199.

1044 2701 1196 2740 Captus:
1236 2700 1280 2731 ad
1306 2704 1466 2740 captum,
1504 2708 1569 2740 pro
1601 2699 1716 2740 captu,

1088 2754 1194 2786 supra
1212 2749 1349 2785 captum
1368 2746 1442 2777 178.
1467 2748 1508 2778 ut
1523 2749 1579 2778 est
1592 2748 1716 2786 captus

1089 2793 1268 2826 hominum
1290 2790 1377 2824 ibid.
