1816 3233
208 1384 290 1420 205

858 162 1166 203 —122-

302 288 415 314 manu
455 276 588 320 notati,
631 275 848 320 complures
893 275 1060 313 subiecti
1101 279 1191 312 sunt
1221 286 1306 312 cum
1337 278 1497 325 reliquis
1527 279 1711 327 auctioni,

302 334 369 370 sed
402 333 567 369 emtione
598 331 782 366 vindicati
812 331 1082 367 bibliothecae
1113 332 1481 379 Lugdunobatavae.
1542 337 1711 380 Tempus

301 390 419 426 rebus
454 386 638 422 secundis
667 387 924 433 adversisque
955 387 1129 432 mixtum,
1175 390 1219 423 ut
1256 389 1382 435 magis
1422 390 1563 426 laetum
1602 401 1713 436 quam

303 445 414 480 triste
455 442 666 488 videretur,
707 444 838 479 effecit
877 444 1092 483 arcessitus
1130 452 1152 478 e
1190 444 1490 489 Franequerana
1531 447 1715 482 cathedra

303 509 426 534 novus
445 497 611 545 collega,
633 498 955 543 Iurisconsultus,
975 498 1327 546 Smallenburgius.
1371 500 1444 535 Hic
1463 504 1552 536 ante
1569 512 1714 547 paucos

303 563 424 589 annos
464 553 683 598 discipulus
721 554 759 590 in
797 555 930 600 primis
971 555 1199 600 probaverat
1238 554 1274 590 ei
1312 555 1480 591 studium
1520 557 1715 603 elegantis

303 611 340 645 in
371 609 682 654 lurisprudentia
710 611 871 646 rationis
908 621 931 645 a
960 611 1197 647 Graecarum
1227 611 1529 657 Latinarumque
1560 613 1716 648 Litera—

303 675 386 700 rum
417 665 643 713 cognitione
672 666 833 702 ductae:
876 677 977 702 nunc
1007 666 1266 702 Ruhnkenius
1303 667 1494 715 collegam
1537 678 1624 703 eum
1653 669 1716 704 sui

304 720 633 757 studiosissimum
674 726 874 768 expertus,
914 731 959 757 eo
1003 721 1130 769 magis
1170 723 1373 766 praeclara
1411 724 1497 758 eius
1527 724 1714 770 doctrina,

304 787 446 823 amore,
476 787 523 812 ac
554 777 818 812 familiaritate
849 777 1127 814 delectabatur.

418 832 535 869 Redit
555 833 680 868 denuo
701 833 748 867 ad
770 832 1030 869 Scholiastam
1053 833 1294 869 Platonicum
1307 833 1496 882 (1792.):
1526 845 1573 870 ac
1588 834 1717 871 denuo

306 887 396 924 inde
441 892 640 935 avocatur,
677 892 811 925 vetere
849 889 914 924 illa
953 889 1208 935 perfectionis
1256 890 1438 935 opinione
1475 900 1522 926 ac
1559 901 1630 936 spe
1669 891 1718 926 ad

308 944 500 979 Velleium
542 945 753 981 traductus,
813 945 908 980 Inde
946 946 993 979 ab
1034 955 1079 981 eo
1118 945 1235 992 edito,
1277 955 1344 990 per
1382 946 1566 981 tredecim
1595 956 1718 981 annos

306 1000 467 1036 multum
496 1000 573 1045 ipsi
605 1010 731 1036 novae
768 1000 1051 1041 emendationis
1082 1002 1287 1036 subnatum
1318 1004 1420 1036 erat:
1462 1002 1577 1036 huius
1616 1012 1718 1037 non-

306 1055 411 1091 nulla
450 1059 737 1101 occupaverant
779 1056 925 1091 interea
959 1057 1025 1090 alii
1047 1053 1085 1101 *)
1118 1056 1192 1090 viri
1225 1055 1350 1091 docti:
1390 1055 1476 1101 ipse
1508 1057 1561 1091 nil
1593 1057 1719 1092 minus

306 1112 409 1146 ferre
448 1113 613 1159 poterat,
653 1122 766 1156 quam
806 1115 963 1146 exstare
1004 1111 1195 1156 quoddam
1233 1103 1345 1147 suum
1386 1121 1494 1157 opus,
1533 1112 1597 1146 cui
1627 1111 1718 1157 quid

305 1167 474 1203 deesset.
535 1167 664 1214 Igitur
694 1167 855 1202 alteram
876 1167 1082 1202 editionem
1115 1167 1246 1202 facere
1266 1167 1513 1203 instituebat:
1544 1170 1584 1202 at
1614 1168 1722 1213 operi

306 1222 407 1258 alius
436 1223 647 1258 intervenit
678 1233 749 1258 nec
779 1223 959 1267 opinatus
990 1223 1112 1269 labor,
1145 1222 1289 1258 Lexico
1312 1223 1450 1258 Latino
1476 1223 1719 1259 Schelleria-

310 1288 358 1313 no
388 1277 595 1324 insumtus,
625 1278 734 1314 utilis
766 1278 920 1323 quidem
950 1278 1015 1313 ille
1046 1278 1090 1313 ad
1125 1278 1256 1313 studia
1285 1278 1517 1326 iuventutis,
1556 1289 1628 1314 nec
1658 1281 1722 1314 ta-

311 1344 396 1369 men
426 1333 465 1369 in
500 1334 662 1370 materia
682 1334 918 1370 Ruhnkenio
949 1334 1082 1381 digna,
1112 1337 1179 1369 aut
1211 1334 1285 1369 nisi
1315 1334 1490 1381 indigna,
1521 1337 1627 1370 certe
1657 1334 1723 1370 in-

308 1390 562 1435 tempestivus
593 1393 630 1425 et
667 1389 756 1425 aliis
797 1390 1051 1425 mandandus,
1108 1389 1411 1426 Desiderabatur
1450 1390 1592 1426 dudum
1632 1399 1725 1435 pro-

310 1445 380 1481 bae
402 1445 625 1482 Latinitatis
644 1445 832 1493 Lexicon,
864 1455 1069 1492 puerorum
1101 1446 1459 1481 adolescentiumve
1490 1447 1622 1490 captui
1652 1456 1723 1481 ac·-

308 1502 609 1548 commodatum3
641 1501 948 1547 quandoquidem
979 1501 1018 1536 in
1042 1501 1268 1549 Pitiseiano,
1300 1501 1400 1546 quod
1433 1502 1553 1549 vulgo
1583 1502 1727 1537 iuven-

312 1558 404 1593 tutis
436 1559 610 1593 manibus
641 1558 793 1603 teritur,
841 1568 913 1593 nec
953 1558 1157 1593 verborum
1202 1558 1512 1604 significationes
1544 1560 1726 1593 accurate

311 1613 547 1649 definiuntur
588 1624 634 1648 ac
668 1613 976 1660 distinguuntur,
1018 1623 1090 1648 nec
1127 1614 1322 1649 Latinitas
1359 1613 1537 1649 sincerae
1576 1615 1723 1649 tantum

311 1669 464 1716 aetatis,
507 1670 590 1713 sed,
635 1673 676 1705 ut
718 1669 758 1704 in
797 1669 886 1704 aliis
928 1669 1126 1714 plerisque
1156 1669 1329 1714 Lexicis,
1369 1669 1552 1705 admixtis
1592 1669 1724 1705 multis

312 1725 477 1760 labentis
507 1724 596 1760 aevi
627 1725 823 1771 sordibus,
855 1725 1081 1770 apponitur:
1113 1735 1213 1770 quae
1234 1725 1355 1760 semel
1377 1725 1522 1760 teneris
1540 1725 1724 1761 iuvenum

312 1780 484 1826 ingeniis
516 1781 626 1825 quasi
659 1780 886 1828 adspersae,
918 1780 1015 1815 adeo
1055 1781 1308 1824 pertinaciter
1346 1781 1645 1823 adhaerescunt,
1684 1784 1725 1816 ut

315 1835 422 1870 nulla
451 1836 489 1870 in
530 1839 726 1881 posterum
768 1835 943 1880 quamvis
983 1835 1173 1882 diligente
1211 1846 1305 1870 cura
1343 1835 1422 1870 elui
1461 1836 1623 1880 possint.
1681 1837 1723 1871 In

315 1892 443 1936 priore
481 1892 611 1926 officio
649 1891 874 1927 Schellerus
915 1901 1056 1936 operae
1096 1891 1260 1936 pretium
1308 1891 1453 1927 fecisse
1502 1891 1725 1926 videbatur:

315 1948 353 1982 in
395 1947 610 1992 posteriore
650 1947 921 1993 pervulgatum
962 1956 1131 1981 errorem
1173 1950 1336 1982 secutus
1373 1950 1474 1982 erat:
1522 1951 1726 1992 utrumque

316 2008 442 2037 tamen
484 2002 675 2038 eiusmodi
719 2005 814 2048 erat,
856 2005 897 2036 ut
935 2002 1052 2037 facile
1079 2005 1296 2037 nostrorum
1337 2002 1532 2038 hominum
1561 2003 1651 2038 usui
1680 2012 1728 2036 a-

318 2058 415 2102 ptari
445 2069 562 2104 posse
592 2058 801 2093 videretur.
848 2059 955 2105 Ergo
977 2057 1212 2103 bibliopolae
1232 2058 1433 2106 negotium
1465 2058 1557 2094 dant
1586 2057 1729 2094 bomini

315 2115 466 2160 idoneo,
508 2118 548 2150 ut
586 2112 926 2159 interpretationes
966 2114 1240 2149 vocabulorum
1283 2115 1533 2159 locorumque
1563 2114 1732 2150 Latino-

318 2181 398 2205 rum
431 2170 684 2206 Germanicas
704 2169 864 2216 Belgice
895 2172 1086 2204 verteret:
1118 2180 1243 2214 porro,
1274 2170 1549 2205 Ruhnkenium
1579 2173 1731 2217 rogant,

319 2231 358 2261 ut
390 2226 589 2261 materiam
628 2225 716 2261 libri
761 2235 833 2260 suo
876 2224 1018 2260 iudicio
1049 2225 1272 2260 emendaret
1302 2229 1341 2260 et
1371 2227 1570 2269 formaret,
1614 2226 1731 2270 probe

319 2282 490 2316 scientes
522 2281 722 2326 plurimum
755 2281 803 2315 ab
834 2281 919 2315 eius
961 2280 1113 2315 nomine
1151 2280 1493 2316 commendationis
1533 2280 1629 2315 libro
1660 2290 1732 2315 ac-

320 2347 532 2374 cessurum.
600 2338 639 2371 Is
680 2337 912 2383 hominibus,
959 2336 996 2371 in
1038 2346 1080 2371 re
1117 2346 1214 2381 quae
1254 2336 1300 2370 ad
1343 2336 1560 2371 Literarum
1602 2335 1732 2371 studia

322 2394 543 2437 pertineret,
574 2402 764 2437 quamque
794 2392 878 2437 ipse
909 2392 1121 2427 acerrimus
1153 2392 1293 2436 probae
1323 2390 1548 2428 Latinitatis
1586 2391 1731 2427 vindex

321 2458 366 2482 ac
408 2452 530 2484 stator
568 2448 632 2482 diu
673 2447 951 2491 desiderasset,
996 2448 1137 2483 deesse
1175 2448 1310 2498 noluit,
1353 2457 1584 2493 operamque
1622 2458 1729 2483 suam

322 2503 482 2547 addixit,
514 2508 622 2539 ratus
654 2513 738 2538 eam
768 2503 929 2539 delendo
960 2507 999 2539 et
1029 2504 1251 2547 omittendo,
1280 2503 1407 2550 magis
1438 2513 1548 2547 quam
1579 2503 1732 2537 adden-

322 2560 370 2594 do
402 2559 698 2607 corrigendove‚
728 2560 932 2595 contineri.
994 2560 1244 2603 Quamquam,
1284 2562 1327 2593 ut
1364 2558 1457 2593 mihi
1497 2568 1614 2603 saepe
1647 2559 1732 2592 fas-

229 2617 393 2653 aoosus
425 2619 498 2660 est,
527 2615 653 2661 ipsius
683 2625 752 2661 spe
784 2618 820 2650 et
857 2615 1044 2660 >opinione
1082 2615 1193 2660 plura
1223 2615 1334 2650 fuere
1366 2613 1607 2661 corrigenda,
1647 2613 1733 2659 plus

321 2738 355 2772 ‘J
378 2737 562 2773 Bergmau.
591 2737 642 2765 ed.
669 2736 759 2765 alia.
808 2738 877 2767 FR.
