1833 3237
622 196 949 237 —29-

75 307 302 358 prudentiae
321 307 507 357 studium,
533 309 598 345 cui
618 319 694 346 non
723 310 850 346 solum
881 309 1136 347 communiter
1165 319 1251 348 cum
1280 309 1490 362 nmmum)

75 371 113 403 et
143 364 409 402 contubernali
439 375 511 402 suo
542 375 696 411 operam
718 365 836 402 dabat
855 367 1080 402 ventitando
1102 367 1275 412 quotidie
1294 369 1334 405 in
1363 370 1485 406 scho-

71 423 132 458 las
164 422 454 468 Professorum,
493 421 725 467 traditisque
737 418 810 468 '‘*Jx
836 422 938 457 domi
969 425 1282 473 commentando,
1312 425 1380 461 sed
1412 436 1486 462 suo

71 479 158 524 ipse
187 478 351 514 consilio
385 477 618 524 peculiarem
649 478 818 513 laborem
859 478 1185 525 diligentiamque
1223 481 1485 527 impendebat.

71 536 156 570 Hoc
193 534 292 570 illud
329 537 410 584 est,
448 533 548 579 quod
586 532 626 568 in
665 533 842 579 Epistola
888 534 935 569 ad
978 535 1280 572 Valckenarium
1330 537 1491 574 scribit:¹

70 591 177 627 Nam
214 591 287 626 etsi
315 590 465 626 nemini
500 590 784 636 eleyamiorum
821 591 1029 626 literarum
1057 601 1193 626 amore
1222 594 1489 638 concedimus,

69 646 423 692 Iurisprudenteae
451 649 584 682 lamen
614 646 794 682 studium
823 648 1013 682 latissime
1040 651 1198 693 patens,
1230 653 1386 686 [aretum
1415 650 1490 686 sibi

69 703 260 749 temporis
281 703 470 753 vindicat,
500 705 555 747 ul,
577 703 611 737 si
626 702 737 738 horis
761 704 972 738 subsecivis
995 705 1175 740 animum
1198 703 1360 749 reficere
1380 706 1488 742 Ροίἱ-

69 762 204 794 tarum
229 759 394 795 lectione
414 759 543 811 liceat,
561 758 678 794 valde
696 759 809 794 nobis
828 760 931 795 beati
951 760 1170 796 videamur.
1218 761 1347 797 Huius
1368 761 1491 798 studii

72 815 175 860 quod
203 815 321 851 fuerit
345 814 564 861 consilium,
587 824 689 859 quae
711 814 826 861 ratio,
858 814 995 861 paucis
1021 816 1296 853 declarandum
1322 817 1490 854 videtur.

183 870 284 906 Nam
314 869 650 916 Hemsterhusius,
682 879 757 914 quo
787 872 915 918 magis
956 871 1181 908 Ruhnkenii
1212 873 1394 910 evolabat
1422 872 1558 912 iun-45

97 926 230 962 eninm
259 927 443 970 famaque
472 925 690 973 crescebat,
721 928 760 960 et
789 936 864 971 quo
894 926 1020 974 magis
1050 927 1137 972 ipse
1166 938 1254 964 eum
1283 929 1490 978 diligebat,

73 991 123 1018 eo
153 981 281 1029 magis
309 981 508 1017 metuebat
538 991 599 1027 ne,
631 981 759 1017 oblata
790 982 827 1017 ei
858 982 957 1028 apud
991 986 1145 1019 exteros
1176 983 1377 1033 cathedra,
1408 986 1492 1021 Ba-

72 1037 216 1074 taviam
256 1037 518 1083 relinqueret,
561 1036 638 1072 nisi
677 1037 845 1074 arctiore
884 1039 932 1074 ad
974 1048 1059 1074 eam
1090 1039 1246 1076 honesti
1275 1040 1494 1077 luculenti-

72 1104 148 1140 que
176 1093 351 1130 muneris
381 1092 540 1128 vinculo
570 1092 902 1142 adstringeretur:
948 1105 1074 1140 neque
1112 1099 1240 1132 tamen
1270 1095 1493 1143 impetran-

72 1150 148 1186 dae
177 1149 214 1186 ei
235 1149 455 1185 Literarum
487 1149 697 1184 cathedrae
726 1161 835 1195 spem
866 1150 1170 1197 facultatemque
1199 1152 1299 1187 satis
1329 1153 1493 1198 propin-

73 1216 186 1252 quam
219 1204 519 1251 expeditamque
548 1204 728 1253 videbat,
774 1210 930 1252 propter
960 1207 1234 1243 excellentium
1265 1207 1305 1242 in
1336 1219 1382 1244 eo
1413 1218 1492 1256 ge-

71 1271 168 1299 nere
196 1260 392 1297 hominum
422 1260 584 1306 copiam.
641 1262 692 1297 Et
723 1265 807 1296 erat
837 1272 934 1298 sane
964 1262 1032 1298 illo
1055 1266 1227 1308 tempore
1248 1273 1337 1299 rara
1367 1274 1496 1309 quae-

74 1317 164 1354 dam
193 1317 528 1354 Batavae‘terrae
557 1317 597 1353 in
629 1317 692 1353 his
720 1317 866 1354 Literis
907 1318 1106 1365 felicitaS,
1145 1320 1381 1365 uberiorque
1418 1320 1498 1356 do-

74 1377 225 1411 ctorum
251 1374 421 1410 virorum
451 1376 680 1422 proventus,
712 1383 871 1419 quorum
903 1379 1014 1410 aetas
1034 1375 1072 1410 in
1099 1376 1327 1412 Ruhnkenii
1354 1376 1496 1413 adole-

75 1432 268 1468 scentiam
298 1430 499 1466 incideret,
556 1431 670 1477 Nam,
710 1434 753 1466 ut
782 1431 952 1467 omittam
979 1431 1190 1467 inferiores
1221 1432 1391 1484 classes,
1422 1444 1497 1469 nec

74 1487 155 1523 nisi
195 1487 402 1534 primarum
443 1486 630 1522 classium
673 1486 853 1523 literatos
894 1488 1108 1523 nominem:
1148 1492 1232 1524 erat
1262 1489 1424 1535 primum
1454 1490 1495 1525 in

76 1543 152 1579 hac
181 1543 269 1588 ipsa
299 1543 516 1579 Academia
547 1543 899 1591 Lugdunobatava,
930 1544 1054 1580 veluti
1086 1545 1247 1590 quadam
1278 1546 1500 1591 sapientiae

76 1609 190 1648 arce,
229 1598 399 1635 omnium
438 1600 620 1645 princeps
662 1604 702 1635 et
742 1600 875 1635 horum
917 1610 1117 1636 sacrorum
1159 1602 1271 1646 quasi
1314 1601 1497 1649 antistes,

76 1655 418 1692 Hemsterhusius:
449 1658 546 1701 erat,
576 1655 614 1690 in
646 1656 768 1690 altera
790 1656 1006 1691 Literarum
1038 1657 1237 1704 cathedra,
1267 1657 1376 1693 illius
1408 1657 1496 1693 col-

76 1711 169 1759 lega
198 1711 520 1756 Oudendorpius:
560 1715 645 1746 erat
689 1712 918 1758 Theologus
948 1723 1037 1747 rara
1068 1713 1303 1748 Graecarum
1336 1713 1498 1748 hiteta-

75 1778 160 1804 rum
191 1767 381 1813 scientia,
421 1766 640 1803 Albertius.
701 1767 873 1802 Traiecti
913 1768 1024 1802 modu
1057 1769 1212 1803 fuerant
1241 1769 1498 1804 Drakenbor-

77 1823 192 1860 cbius
221 1826 262 1859 et
290 1821 498 1870 Dukeru's‚
539 1822 680 1868 quibus
711 1822 975 1858 succedebant
1010 1824 1308 1871 VVesselingius
1347 1828 1386 1860 et
1416 1827 1497 1861 Sa-

76 1879 180 1917 xius.
212 1879 568 1915 .Amstelodamum
601 1879 766 1914 habebat
813 1879 1063 1915 Dorvillium:
1103 1880 1353 1925 Franequera
1392 1882 1502 1917 Val-

77 1935 330 1981 ekenarium,
372 1937 633 1971 Burmannum
674 1935 919 1982 Secundum,
959 1945 1049 1970 mox
1079 1935 1360 1973 Schraderum:
1393 1937 1498 1973 Gro-

77 1992 202 2039 ninga
240 1991 503 2037 Lcnnepium:
544 1991 583 2025 in
624 1990 881 2025 Valckenarii
921 1991 1055 2026 schola
1100 1991 1175 2027 iam
1219 1995 1499 2029 succrescebat

78 2047 308 2094 Piersonus,
341 2047 405 2082 cui
436 2046 607 2081 instabat
637 2046 825 2082 Koenius.
867 2048 987 2082 Porro
1018 2047 1114 2082 clari
1146 2052 1254 2084 erant
1279 2050 1497 2085 Literarum

80 2103 269 2150 scientia,
298 2102 560 2138 Iureconsulti
600 2102 781 2137 Riiverus
824 2105 861 2136 et
893 2103 1136 2149 Bondamus3
1168 2105 1339 2149 Medici,
1370 2107 1496 2141 Bern-
1508 2107 1563 2143 46

80 2159 200 2196 ardus
229 2162 268 2194 et
297 2159 497 2205 Heringa:
527 2158 695 2202 denique
726 2159 1024 2202 Gymnasiorum
1056 2161 1267 2206 Rectores,
1298 2161 1499 2196 Zwollani

80 2215 342 2261 Abreschius‚
375 2214 612 2259 Delphensis
632 2214 951 2262 HoogeveeniuS,
983 2216 1158 2250 Graecae
1180 2216 1342 2262 linguae
1359 2226 1498 2264 gram-

79 2271 426 2308 maticaxscientia
462 2270 657 2318 insignes.
725 2271 870 2305 norum
914 2279 1025 2305 nemo
1066 2281 1140 2306 non
1179 2270 1218 2306 in
1250 2282 1320 2307 suo
1351 2282 1499 2318 genere

80 2326 282 2372 excelluit,
313 2337 423 2362 nemo
454 2337 530 2362 non
559 2326 661 2371 apud
693 2329 848 2360 exteros
880 2325 1082 2362 doctrinae
1113 2328 1216 2362 fama
1247 2328 1374 2363 clarus
1405 2329 1495 2366 fuit.

81 2384 162 2421 Sed
192 2394 279 2420 cum
309 2383 520 2418 universae
550 2379 802 2424 eruditionis,
832 2385 911 2417 tum
941 2384 1179 2419 Graecarum
1210 2384 1427 2421 Literarum
1460 2388 1500 2421 et

81 2440 244 2476 criticae
272 2439 490 2483 facultatis,
521 2437 653 2473 habita
681 2437 854 2484 ratione,
897 2438 1137 2485 principatus
1176 2443 1259 2475 erat
1289 2441 1390 2486 apud
1420 2442 1498 2477 tri-

83 2497 255 2533 umviros
284 2496 388 2544 illos,
419 2494 772 2542 Hemsterhusium‚
804 2495 1140 2543 wesselingium,
1171 2496 1499 2534 Valckenarium:

87 2623 117 2662 ‘J
141 2628 368 2659 Meet-manno
392 2628 542 2659 minore.
592 2627 643 2659 Cf.
669 2635 775 2667 supra
799 2627 877 2658 adn.
902 2637 982 2669 pag.
1006 2628 1062 2660 21.
1088 2630 1141 2660 ed.
1167 2638 1219 2669 pr.
1266 2631 1338 2662 FR.

87 2691 136 2730 ”J
155 2693 238 2767 1livori
261 2695 382 2726 dubito
407 2696 489 2734 quin
514 2694 739 2770 ειοιὲῐῗῗιιᾱιιηι
765 2695 873 2725 fuerit
898 2696 1142 2770 tiiaditasque.
1168 2697 1223 2729 Cf.
1238 2697 1330 2729 iufra
1354 2706 1431 2738 pag.
1441 2699 1496 2728 75.

132 2740 1110 2825 flezgffamffi‘v‘issz‘fssb}5-1‘13’22‘51033313355²’zfffw‘ff
1133 2742 1264 2775 ΜΨ·
1313 2744 1382 2774 ‘¹³
