<?xml version="1.0" encoding="UTF-8"?>
<!DOCTYPE html PUBLIC "-//W3C//DTD XHTML 1.0 Transitional//EN"
    "http://www.w3.org/TR/xhtml1/DTD/xhtml1-transitional.dtd">
<html xmlns="http://www.w3.org/1999/xhtml" xml:lang="en" lang="en">
 <head>
  <title>
</title>
<meta http-equiv="Content-Type" content="text/html;charset=utf-8" />
  <meta name='ocr-system' content='tesseract 3.04.00' />
  <meta name='ocr-capabilities' content='ocr_page ocr_carea ocr_par ocr_line ocrx_word'/>
</head>
<body>
  <div class='ocr_page' id='page_1' title='image "./vitadavidisruhnk00wyttuoft_0165.png"; bbox 0 0 1816 3233; ppageno 0'>
   <div class='ocr_carea' id='block_1_1' title="bbox 684 158 985 197">
    <p class='ocr_par' dir='ltr' id='par_1_1' title="bbox 684 158 985 197">
     <span class='ocr_line' id='line_1_1' title="bbox 684 158 985 197; baseline 0 0"><span class='ocrx_word' id='word_1_1' title='bbox 684 158 985 197; x_wconf 75' lang='lat'>—157—</span> 
     </span>
    </p>
   </div>
   <div class='ocr_carea' id='block_1_2' title="bbox 132 270 1648 2494">
    <p class='ocr_par' dir='ltr' id='par_1_2' title="bbox 132 270 1648 2494">
     <span class='ocr_line' id='line_1_2' title="bbox 132 270 1536 324; baseline -0.004 -13"><span class='ocrx_word' id='word_1_2' title='bbox 132 275 326 324; x_wconf 74' lang='lat' dir='ltr'>„gotiumz</span> <span class='ocrx_word' id='word_1_3' title='bbox 366 282 441 321; x_wconf 84' lang='lat' dir='ltr'>ego</span> <span class='ocrx_word' id='word_1_4' title='bbox 479 272 599 308; x_wconf 83' lang='lat' dir='ltr'>finitis</span> <span class='ocrx_word' id='word_1_5' title='bbox 645 271 818 318; x_wconf 86' lang='lat' dir='ltr'>quotidie</span> <span class='ocrx_word' id='word_1_6' title='bbox 854 271 1024 315; x_wconf 89' lang='lat' dir='ltr'>scholis,</span> <span class='ocrx_word' id='word_1_7' title='bbox 1074 270 1322 316; x_wconf 89' lang='lat' dir='ltr'>munerisque</span> <span class='ocrx_word' id='word_1_8' title='bbox 1363 270 1536 316; x_wconf 81' lang='lat' dir='ltr'>partibus</span> 
     </span>
     <span class='ocr_line' id='line_1_3' title="bbox 133 327 1536 378; baseline -0.004 -12"><span class='ocrx_word' id='word_1_9' title='bbox 133 329 353 378; x_wconf 84' lang='lat' dir='ltr'>,‚peractiS,</span> <span class='ocrx_word' id='word_1_10' title='bbox 391 330 656 365; x_wconf 77' lang='lat' dir='ltr'>Professorem</span> <span class='ocrx_word' id='word_1_11' title='bbox 697 328 847 373; x_wconf 82' lang='lat' dir='ltr'><strong>depono</strong></span> <span class='ocrx_word' id='word_1_12' title='bbox 898 337 969 362; x_wconf 92' lang='lat' dir='ltr'>nec</span> <span class='ocrx_word' id='word_1_13' title='bbox 1009 329 1115 362; x_wconf 79' lang='lat' dir='ltr'>foras</span> <span class='ocrx_word' id='word_1_14' title='bbox 1154 337 1302 363; x_wconf 90' lang='lat' dir='ltr'>mecum</span> <span class='ocrx_word' id='word_1_15' title='bbox 1340 328 1457 362; x_wconf 83' lang='lat' dir='ltr'>effero</span> <span class='ocrx_word' id='word_1_16' title='bbox 1497 327 1536 362; x_wconf 92' lang='lat' dir='ltr'>in</span> 
     </span>
     <span class='ocr_line' id='line_1_4' title="bbox 132 382 1536 434; baseline -0.004 -13"><span class='ocrx_word' id='word_1_17' title='bbox 132 386 355 434; x_wconf 86' lang='lat' dir='ltr'>„publicum</span> <span class='ocrx_word' id='word_1_18' title='bbox 394 386 588 431; x_wconf 86' lang='lat' dir='ltr'>prodiens,</span> <span class='ocrx_word' id='word_1_19' title='bbox 635 388 702 420; x_wconf 84' lang='lat' dir='ltr'>aut</span> <span class='ocrx_word' id='word_1_20' title='bbox 739 385 886 419; x_wconf 85' lang='lat' dir='ltr'>amicos</span> <span class='ocrx_word' id='word_1_21' title='bbox 925 383 1121 418; x_wconf 88' lang='lat' dir='ltr'>invisens:</span> <span class='ocrx_word' id='word_1_22' title='bbox 1173 393 1255 418; x_wconf 90' lang='lat' dir='ltr'>nec·</span> <span class='ocrx_word' id='word_1_23' title='bbox 1273 382 1399 428; x_wconf 83' lang='lat' dir='ltr'>facio,</span> <span class='ocrx_word' id='word_1_24' title='bbox 1437 382 1536 428; x_wconf 89' lang='lat' dir='ltr'>quod</span> 
     </span>
     <span class='ocr_line' id='line_1_5' title="bbox 133 439 1539 490; baseline -0.004 -13"><span class='ocrx_word' id='word_1_25' title='bbox 133 441 350 490; x_wconf 88' lang='lat' dir='ltr'>„nonnulli,</span> <span class='ocrx_word' id='word_1_26' title='bbox 379 441 445 487; x_wconf 90' lang='lat' dir='ltr'>qui</span> <span class='ocrx_word' id='word_1_27' title='bbox 476 441 620 486; x_wconf 87' lang='lat' dir='ltr'>ubique</span> <span class='ocrx_word' id='word_1_28' title='bbox 651 441 916 476; x_wconf 78' lang='lat' dir='ltr'>professorem</span> <span class='ocrx_word' id='word_1_29' title='bbox 946 439 1226 474; x_wconf 85' lang='lat' dir='ltr'>circumferunt</span> <span class='ocrx_word' id='word_1_30' title='bbox 1255 442 1293 474; x_wconf 90' lang='lat' dir='ltr'>et</span> <span class='ocrx_word' id='word_1_31' title='bbox 1323 441 1539 474; x_wconf 85' lang='lat' dir='ltr'>ostentant:</span> 
     </span>
     <span class='ocr_line' id='line_1_6' title="bbox 134 490 1634 546; baseline -0.003 -13"><span class='ocrx_word' id='word_1_32' title='bbox 134 507 239 546; x_wconf 91' lang='lat' dir='ltr'>„ego</span> <span class='ocrx_word' id='word_1_33' title='bbox 256 498 531 543; x_wconf 85' lang='lat' dir='ltr'>aequalitatem</span> <span class='ocrx_word' id='word_1_34' title='bbox 552 506 647 540; x_wconf 84' lang='lat' dir='ltr'>amo,</span> <span class='ocrx_word' id='word_1_35' title='bbox 668 499 706 531; x_wconf 89' lang='lat' dir='ltr'>et</span> <span class='ocrx_word' id='word_1_36' title='bbox 726 496 828 531; x_wconf 89' lang='lat' dir='ltr'>inter</span> <span class='ocrx_word' id='word_1_37' title='bbox 849 495 948 529; x_wconf 85' lang='lat' dir='ltr'>alios</span> <span class='ocrx_word' id='word_1_38' title='bbox 969 495 1143 530; x_wconf 85' lang='lat' dir='ltr'>homines</span> <span class='ocrx_word' id='word_1_39' title='bbox 1162 505 1263 530; x_wconf 89' lang='lat' dir='ltr'>unus</span> <span class='ocrx_word' id='word_1_40' title='bbox 1281 505 1329 530; x_wconf 89' lang='lat' dir='ltr'>ex</span> <span class='ocrx_word' id='word_1_41' title='bbox 1349 494 1482 530; x_wconf 88' lang='lat' dir='ltr'>multis</span> <span class='ocrx_word' id='word_1_42' title='bbox 1493 490 1533 540; x_wconf 67' lang='lat'>²⁸)</span> <span class='ocrx_word' id='word_1_43' title='bbox 1552 491 1634 529; x_wconf 76' lang='lat'>264</span> 
     </span>
     <span class='ocr_line' id='line_1_7' title="bbox 133 549 1539 599; baseline -0.004 -10"><span class='ocrx_word' id='word_1_44' title='bbox 133 564 248 599; x_wconf 82' lang='lat' dir='ltr'>„esse</span> <span class='ocrx_word' id='word_1_45' title='bbox 280 549 407 589; x_wconf 85' lang='lat' dir='ltr'>volo.“</span> <span class='ocrx_word' id='word_1_46' title='bbox 462 552 588 598; x_wconf 79' lang='lat' dir='ltr'>Igitur</span> <span class='ocrx_word' id='word_1_47' title='bbox 619 552 770 587; x_wconf 85' lang='lat' dir='ltr'>cunctis</span> <span class='ocrx_word' id='word_1_48' title='bbox 807 551 999 586; x_wconf 88' lang='lat' dir='ltr'>iucundus</span> <span class='ocrx_word' id='word_1_49' title='bbox 1034 554 1072 586; x_wconf 92' lang='lat' dir='ltr'>et</span> <span class='ocrx_word' id='word_1_50' title='bbox 1110 551 1288 587; x_wconf 86' lang='lat' dir='ltr'>amabilis</span> <span class='ocrx_word' id='word_1_51' title='bbox 1327 554 1427 586; x_wconf 82' lang='lat' dir='ltr'>erat:</span> <span class='ocrx_word' id='word_1_52' title='bbox 1465 549 1539 584; x_wconf 84' lang='lat' dir='ltr'>ad-</span> 
     </span>
     <span class='ocr_line' id='line_1_8' title="bbox 135 606 1541 654; baseline -0.003 -9"><span class='ocrx_word' id='word_1_53' title='bbox 135 609 323 645; x_wconf 87' lang='lat' dir='ltr'>mirabilis</span> <span class='ocrx_word' id='word_1_54' title='bbox 362 618 435 644; x_wconf 89' lang='lat' dir='ltr'>non</span> <span class='ocrx_word' id='word_1_55' title='bbox 476 608 588 651; x_wconf 86' lang='lat' dir='ltr'>item,</span> <span class='ocrx_word' id='word_1_56' title='bbox 630 607 705 643; x_wconf 88' lang='lat' dir='ltr'>nisi</span> <span class='ocrx_word' id='word_1_57' title='bbox 742 607 814 651; x_wconf 88' lang='lat' dir='ltr'>iis,</span> <span class='ocrx_word' id='word_1_58' title='bbox 854 606 919 652; x_wconf 90' lang='lat' dir='ltr'>qui</span> <span class='ocrx_word' id='word_1_59' title='bbox 959 607 1045 642; x_wconf 91' lang='lat' dir='ltr'>eius</span> <span class='ocrx_word' id='word_1_60' title='bbox 1083 606 1234 654; x_wconf 87' lang='lat' dir='ltr'>ingenii</span> <span class='ocrx_word' id='word_1_61' title='bbox 1264 607 1541 650; x_wconf 83' lang='lat' dir='ltr'>doctrinaeque</span> 
     </span>
     <span class='ocr_line' id='line_1_9' title="bbox 134 662 1540 711; baseline -0.001 -12"><span class='ocrx_word' id='word_1_62' title='bbox 134 663 443 711; x_wconf 81' lang='lat' dir='ltr'>magnitudinem</span> <span class='ocrx_word' id='word_1_63' title='bbox 496 663 662 698; x_wconf 91' lang='lat' dir='ltr'>interius</span> <span class='ocrx_word' id='word_1_64' title='bbox 719 662 980 708; x_wconf 83' lang='lat' dir='ltr'>inspicerent:</span> <span class='ocrx_word' id='word_1_65' title='bbox 1033 663 1130 708; x_wconf 90' lang='lat' dir='ltr'>quod</span> <span class='ocrx_word' id='word_1_66' title='bbox 1181 663 1294 708; x_wconf 87' lang='lat' dir='ltr'>pauci</span> <span class='ocrx_word' id='word_1_67' title='bbox 1351 664 1540 707; x_wconf 81' lang='lat' dir='ltr'>poterant,</span> 
     </span>
     <span class='ocr_line' id='line_1_10' title="bbox 136 718 1541 767; baseline -0.003 -11"><span class='ocrx_word' id='word_1_68' title='bbox 136 721 249 756; x_wconf 86' lang='lat' dir='ltr'>etiam</span> <span class='ocrx_word' id='word_1_69' title='bbox 291 729 446 767; x_wconf 82' lang='lat' dir='ltr'>eorum,</span> <span class='ocrx_word' id='word_1_70' title='bbox 492 719 557 764; x_wconf 92' lang='lat' dir='ltr'>qui</span> <span class='ocrx_word' id='word_1_71' title='bbox 588 720 708 767; x_wconf 88' lang='lat' dir='ltr'>vulgo</span> <span class='ocrx_word' id='word_1_72' title='bbox 743 718 889 754; x_wconf 81' lang='lat' dir='ltr'>literati</span> <span class='ocrx_word' id='word_1_73' title='bbox 920 718 1119 755; x_wconf 79' lang='lat' dir='ltr'>habentur.</span> <span class='ocrx_word' id='word_1_74' title='bbox 1179 718 1288 761; x_wconf 81' lang='lat' dir='ltr'>Quod</span> <span class='ocrx_word' id='word_1_75' title='bbox 1308 718 1354 752; x_wconf 80' lang='lat' dir='ltr'>ad</span> <span class='ocrx_word' id='word_1_76' title='bbox 1376 728 1454 753; x_wconf 86' lang='lat' dir='ltr'>rem</span> <span class='ocrx_word' id='word_1_77' title='bbox 1476 719 1541 752; x_wconf 78' lang='lat' dir='ltr'>fa-</span> 
     </span>
     <span class='ocr_line' id='line_1_11' title="bbox 134 774 1544 826; baseline -0.002 -15"><span class='ocrx_word' id='word_1_78' title='bbox 134 776 310 812; x_wconf 75' lang='lat' dir='ltr'>ciendam</span> <span class='ocrx_word' id='word_1_79' title='bbox 341 776 504 821; x_wconf 84' lang='lat' dir='ltr'>attinet,</span> <span class='ocrx_word' id='word_1_80' title='bbox 532 785 620 810; x_wconf 88' lang='lat' dir='ltr'>sero</span> <span class='ocrx_word' id='word_1_81' title='bbox 650 775 817 826; x_wconf 88' lang='lat' dir='ltr'>demum,</span> <span class='ocrx_word' id='word_1_82' title='bbox 847 778 886 814; x_wconf 85' lang='lat' dir='ltr'>et</span> <span class='ocrx_word' id='word_1_83' title='bbox 914 774 1098 810; x_wconf 81' lang='lat' dir='ltr'>extremis</span> <span class='ocrx_word' id='word_1_84' title='bbox 1129 774 1233 809; x_wconf 86' lang='lat' dir='ltr'>vitae</span> <span class='ocrx_word' id='word_1_85' title='bbox 1262 775 1390 820; x_wconf 87' lang='lat' dir='ltr'>annis,</span> <span class='ocrx_word' id='word_1_86' title='bbox 1420 774 1544 809; x_wconf 88' lang='lat' dir='ltr'>sensit</span> 
     </span>
     <span class='ocr_line' id='line_1_12' title="bbox 134 830 1542 877; baseline -0.002 -9"><span class='ocrx_word' id='word_1_87' title='bbox 134 832 222 868; x_wconf 86' lang='lat' dir='ltr'>cius</span> <span class='ocrx_word' id='word_1_88' title='bbox 251 831 372 867; x_wconf 86' lang='lat' dir='ltr'>officii</span> <span class='ocrx_word' id='word_1_89' title='bbox 403 832 690 877; x_wconf 85' lang='lat' dir='ltr'>necessitatem,</span> <span class='ocrx_word' id='word_1_90' title='bbox 721 833 890 866; x_wconf 85' lang='lat' dir='ltr'>fructum</span> <span class='ocrx_word' id='word_1_91' title='bbox 920 831 1093 866; x_wconf 89' lang='lat' dir='ltr'>eiusdem</span> <span class='ocrx_word' id='word_1_92' title='bbox 1132 830 1332 876; x_wconf 82' lang='lat' dir='ltr'>percipere</span> <span class='ocrx_word' id='word_1_93' title='bbox 1363 840 1437 865; x_wconf 91' lang='lat' dir='ltr'>non</span> <span class='ocrx_word' id='word_1_94' title='bbox 1466 840 1542 875; x_wconf 89' lang='lat' dir='ltr'>po-</span> 
     </span>
     <span class='ocr_line' id='line_1_13' title="bbox 134 881 1543 936; baseline -0.003 -12"><span class='ocrx_word' id='word_1_95' title='bbox 134 889 229 924; x_wconf 88' lang='lat' dir='ltr'>tuit:</span> <span class='ocrx_word' id='word_1_96' title='bbox 259 890 455 923; x_wconf 85' lang='lat' dir='ltr'>caeterum</span> <span class='ocrx_word' id='word_1_97' title='bbox 485 887 560 922; x_wconf 86' lang='lat' dir='ltr'>sibi</span> <span class='ocrx_word' id='word_1_98' title='bbox 590 887 675 932; x_wconf 88' lang='lat' dir='ltr'>ipse</span> <span class='ocrx_word' id='word_1_99' title='bbox 695 886 859 934; x_wconf 81' lang='lat' dir='ltr'>ignovit.</span> <span class='ocrx_word' id='word_1_100' title='bbox 917 881 1117 935; x_wconf 76' lang='lat' dir='ltr'>„Fate0r“</span> <span class='ocrx_word' id='word_1_101' title='bbox 1147 886 1274 931; x_wconf 86' lang='lat' dir='ltr'>inquit</span> <span class='ocrx_word' id='word_1_102' title='bbox 1304 896 1397 936; x_wconf 88' lang='lat' dir='ltr'>„me</span> <span class='ocrx_word' id='word_1_103' title='bbox 1423 886 1460 920; x_wconf 92' lang='lat' dir='ltr'>in</span> <span class='ocrx_word' id='word_1_104' title='bbox 1500 895 1543 920; x_wconf 81' lang='lat' dir='ltr'>re</span> 
     </span>
     <span class='ocr_line' id='line_1_14' title="bbox 138 938 1545 991; baseline -0.001 -13"><span class='ocrx_word' id='word_1_105' title='bbox 138 943 346 991; x_wconf 84' lang='lat' dir='ltr'>„augenda</span> <span class='ocrx_word' id='word_1_106' title='bbox 376 953 449 978; x_wconf 89' lang='lat' dir='ltr'>nec</span> <span class='ocrx_word' id='word_1_107' title='bbox 474 942 567 978; x_wconf 89' lang='lat' dir='ltr'>mihi</span> <span class='ocrx_word' id='word_1_108' title='bbox 598 953 670 978; x_wconf 90' lang='lat' dir='ltr'>nec</span> <span class='ocrx_word' id='word_1_109' title='bbox 699 942 787 977; x_wconf 82' lang='lat' dir='ltr'>aliis</span> <span class='ocrx_word' id='word_1_110' title='bbox 817 941 1084 977; x_wconf 85' lang='lat' dir='ltr'>satisfecisse:</span> <span class='ocrx_word' id='word_1_111' title='bbox 1120 941 1188 977; x_wconf 89' lang='lat' dir='ltr'>sed</span> <span class='ocrx_word' id='word_1_112' title='bbox 1220 941 1311 987; x_wconf 91' lang='lat' dir='ltr'>quid</span> <span class='ocrx_word' id='word_1_113' title='bbox 1342 938 1545 976; x_wconf 71' lang='lat' dir='ltr'>facerem?</span> 
     </span>
     <span class='ocr_line' id='line_1_15' title="bbox 139 997 1546 1047; baseline -0.003 -12"><span class='ocrx_word' id='word_1_114' title='bbox 139 1000 244 1047; x_wconf 77' lang='lat' dir='ltr'>„feci</span> <span class='ocrx_word' id='word_1_115' title='bbox 274 1002 456 1045; x_wconf 77' lang='lat' dir='ltr'>quantum</span> <span class='ocrx_word' id='word_1_116' title='bbox 487 998 616 1044; x_wconf 87' lang='lat' dir='ltr'>potui:</span> <span class='ocrx_word' id='word_1_117' title='bbox 654 999 689 1033; x_wconf 88' lang='lat' dir='ltr'>si</span> <span class='ocrx_word' id='word_1_118' title='bbox 727 998 910 1033; x_wconf 85' lang='lat' dir='ltr'>attentior</span> <span class='ocrx_word' id='word_1_119' title='bbox 949 998 1062 1033; x_wconf 82' lang='lat' dir='ltr'>etiam</span> <span class='ocrx_word' id='word_1_120' title='bbox 1094 997 1278 1044; x_wconf 82' lang='lat' dir='ltr'>fuissem,</span> <span class='ocrx_word' id='word_1_121' title='bbox 1311 997 1363 1032; x_wconf 91' lang='lat' dir='ltr'>nil</span> <span class='ocrx_word' id='word_1_122' title='bbox 1404 1000 1546 1040; x_wconf 77' lang='lat' dir='ltr'>tamen,</span> 
     </span>
     <span class='ocr_line' id='line_1_16' title="bbox 138 1052 1546 1105; baseline -0.004 -14"><span class='ocrx_word' id='word_1_123' title='bbox 138 1055 267 1102; x_wconf 86' lang='lat' dir='ltr'>„quod</span> <span class='ocrx_word' id='word_1_124' title='bbox 300 1065 441 1100; x_wconf 83' lang='lat' dir='ltr'>operae</span> <span class='ocrx_word' id='word_1_125' title='bbox 472 1054 634 1100; x_wconf 87' lang='lat' dir='ltr'>pretium</span> <span class='ocrx_word' id='word_1_126' title='bbox 667 1057 784 1105; x_wconf 86' lang='lat' dir='ltr'>esset,</span> <span class='ocrx_word' id='word_1_127' title='bbox 814 1053 859 1088; x_wconf 89' lang='lat' dir='ltr'>ad</span> <span class='ocrx_word' id='word_1_128' title='bbox 892 1064 1075 1089; x_wconf 84' lang='lat' dir='ltr'>summam</span> <span class='ocrx_word' id='word_1_129' title='bbox 1108 1053 1263 1089; x_wconf 87' lang='lat' dir='ltr'>consilii</span> <span class='ocrx_word' id='word_1_130' title='bbox 1280 1052 1546 1098; x_wconf 83' lang='lat' dir='ltr'>profecissem.</span> 
     </span>
     <span class='ocr_line' id='line_1_17' title="bbox 138 1108 1547 1159; baseline -0.003 -12"><span class='ocrx_word' id='word_1_131' title='bbox 138 1110 331 1159; x_wconf 77' lang='lat' dir='ltr'>„Familia</span> <span class='ocrx_word' id='word_1_132' title='bbox 360 1110 455 1146; x_wconf 88' lang='lat' dir='ltr'>mihi</span> <span class='ocrx_word' id='word_1_133' title='bbox 486 1120 532 1145; x_wconf 86' lang='lat' dir='ltr'>ea</span> <span class='ocrx_word' id='word_1_134' title='bbox 563 1113 645 1156; x_wconf 87' lang='lat' dir='ltr'>est,</span> <span class='ocrx_word' id='word_1_135' title='bbox 681 1109 745 1144; x_wconf 90' lang='lat' dir='ltr'>cui</span> <span class='ocrx_word' id='word_1_136' title='bbox 776 1110 940 1145; x_wconf 87' lang='lat' dir='ltr'>honeste</span> <span class='ocrx_word' id='word_1_137' title='bbox 968 1109 1130 1145; x_wconf 80' lang='lat' dir='ltr'>alendae</span> <span class='ocrx_word' id='word_1_138' title='bbox 1159 1109 1235 1144; x_wconf 91' lang='lat' dir='ltr'>mei</span> <span class='ocrx_word' id='word_1_139' title='bbox 1266 1108 1415 1153; x_wconf 91' lang='lat' dir='ltr'>quidem</span> <span class='ocrx_word' id='word_1_140' title='bbox 1437 1108 1547 1143; x_wconf 89' lang='lat' dir='ltr'>redi-</span> 
     </span>
     <span class='ocr_line' id='line_1_18' title="bbox 135 1164 1548 1213; baseline -0.002 -12"><span class='ocrx_word' id='word_1_141' title='bbox 135 1171 228 1213; x_wconf 87' lang='lat' dir='ltr'>„tus</span> <span class='ocrx_word' id='word_1_142' title='bbox 260 1167 327 1201; x_wconf 85' lang='lat' dir='ltr'>vix</span> <span class='ocrx_word' id='word_1_143' title='bbox 358 1165 571 1201; x_wconf 83' lang='lat' dir='ltr'>sufficiant.</span> <span class='ocrx_word' id='word_1_144' title='bbox 631 1165 808 1200; x_wconf 82' lang='lat' dir='ltr'>Aliarum</span> <span class='ocrx_word' id='word_1_145' title='bbox 839 1166 895 1200; x_wconf 91' lang='lat' dir='ltr'>rei</span> <span class='ocrx_word' id='word_1_146' title='bbox 927 1165 1130 1201; x_wconf 79' lang='lat' dir='ltr'>faciendae</span> <span class='ocrx_word' id='word_1_147' title='bbox 1160 1165 1350 1200; x_wconf 81' lang='lat' dir='ltr'>rationum</span> <span class='ocrx_word' id='word_1_148' title='bbox 1381 1164 1548 1199; x_wconf 83' lang='lat' dir='ltr'>facultas</span> 
     </span>
     <span class='ocr_line' id='line_1_19' title="bbox 137 1220 1547 1270; baseline -0.002 -13"><span class='ocrx_word' id='word_1_149' title='bbox 137 1221 259 1270; x_wconf 90' lang='lat' dir='ltr'>„mihi</span> <span class='ocrx_word' id='word_1_150' title='bbox 289 1221 430 1258; x_wconf 86' lang='lat' dir='ltr'>defuit.</span> <span class='ocrx_word' id='word_1_151' title='bbox 489 1223 588 1257; x_wconf 88' lang='lat' dir='ltr'>Sunt</span> <span class='ocrx_word' id='word_1_152' title='bbox 617 1221 683 1265; x_wconf 91' lang='lat' dir='ltr'>qui</span> <span class='ocrx_word' id='word_1_153' title='bbox 710 1221 906 1255; x_wconf 89' lang='lat' dir='ltr'>studiosos</span> <span class='ocrx_word' id='word_1_154' title='bbox 937 1221 1099 1255; x_wconf 88' lang='lat' dir='ltr'>iuvenes</span> <span class='ocrx_word' id='word_1_155' title='bbox 1119 1221 1157 1254; x_wconf 87' lang='lat' dir='ltr'>in</span> <span class='ocrx_word' id='word_1_156' title='bbox 1189 1220 1441 1255; x_wconf 85' lang='lat' dir='ltr'>contubernio</span> <span class='ocrx_word' id='word_1_157' title='bbox 1472 1220 1547 1253; x_wconf 83' lang='lat' dir='ltr'>ha-</span> 
     </span>
     <span class='ocr_line' id='line_1_20' title="bbox 139 1274 1547 1326; baseline -0.003 -13"><span class='ocrx_word' id='word_1_158' title='bbox 139 1278 300 1326; x_wconf 77' lang='lat' dir='ltr'>„beantt</span> <span class='ocrx_word' id='word_1_159' title='bbox 334 1278 407 1312; x_wconf 88' lang='lat' dir='ltr'>hoc</span> <span class='ocrx_word' id='word_1_160' title='bbox 436 1276 493 1312; x_wconf 91' lang='lat' dir='ltr'>uti</span> <span class='ocrx_word' id='word_1_161' title='bbox 524 1280 692 1321; x_wconf 88' lang='lat' dir='ltr'>quaestu</span> <span class='ocrx_word' id='word_1_162' title='bbox 723 1286 796 1311; x_wconf 91' lang='lat' dir='ltr'>non</span> <span class='ocrx_word' id='word_1_163' title='bbox 827 1276 955 1322; x_wconf 88' lang='lat' dir='ltr'>potui,</span> <span class='ocrx_word' id='word_1_164' title='bbox 988 1279 1145 1321; x_wconf 89' lang='lat' dir='ltr'>propter</span> <span class='ocrx_word' id='word_1_165' title='bbox 1174 1275 1407 1310; x_wconf 87' lang='lat' dir='ltr'>domesticas</span> <span class='ocrx_word' id='word_1_166' title='bbox 1437 1274 1547 1310; x_wconf 80' lang='lat' dir='ltr'>diffi-</span> 
     </span>
     <span class='ocr_line' id='line_1_21' title="bbox 139 1330 1547 1381; baseline -0.004 -12"><span class='ocrx_word' id='word_1_167' title='bbox 139 1334 349 1381; x_wconf 50' lang='lat' dir='ltr'>„cultatem</span> <span class='ocrx_word' id='word_1_168' title='bbox 408 1334 509 1369; x_wconf 88' lang='lat' dir='ltr'>Sunt</span> <span class='ocrx_word' id='word_1_169' title='bbox 539 1331 605 1377; x_wconf 91' lang='lat' dir='ltr'>qui</span> <span class='ocrx_word' id='word_1_170' title='bbox 624 1331 843 1368; x_wconf 85' lang='lat' dir='ltr'>scribendis</span> <span class='ocrx_word' id='word_1_171' title='bbox 874 1331 1114 1377; x_wconf 84' lang='lat' dir='ltr'>edendisque</span> <span class='ocrx_word' id='word_1_172' title='bbox 1142 1331 1254 1366; x_wconf 87' lang='lat' dir='ltr'>libris</span> <span class='ocrx_word' id='word_1_173' title='bbox 1276 1330 1420 1366; x_wconf 84' lang='lat' dir='ltr'>divites</span> <span class='ocrx_word' id='word_1_174' title='bbox 1437 1331 1547 1365; x_wconf 85' lang='lat' dir='ltr'>fiant:</span> 
     </span>
     <span class='ocr_line' id='line_1_22' title="bbox 139 1386 1549 1438; baseline -0.003 -13"><span class='ocrx_word' id='word_1_175' title='bbox 139 1390 267 1438; x_wconf 90' lang='lat' dir='ltr'>„quod</span> <span class='ocrx_word' id='word_1_176' title='bbox 301 1389 350 1425; x_wconf 91' lang='lat' dir='ltr'>de</span> <span class='ocrx_word' id='word_1_177' title='bbox 386 1391 553 1425; x_wconf 84' lang='lat' dir='ltr'>Ernesto</span> <span class='ocrx_word' id='word_1_178' title='bbox 590 1387 757 1433; x_wconf 88' lang='lat' dir='ltr'>aliisque</span> <span class='ocrx_word' id='word_1_179' title='bbox 788 1388 934 1423; x_wconf 86' lang='lat' dir='ltr'>fertur:</span> <span class='ocrx_word' id='word_1_180' title='bbox 973 1388 1076 1423; x_wconf 85' lang='lat' dir='ltr'>hanc</span> <span class='ocrx_word' id='word_1_181' title='bbox 1111 1387 1206 1422; x_wconf 88' lang='lat' dir='ltr'>mihi</span> <span class='ocrx_word' id='word_1_182' title='bbox 1250 1386 1352 1422; x_wconf 90' lang='lat' dir='ltr'>viam</span> <span class='ocrx_word' id='word_1_183' title='bbox 1392 1386 1549 1432; x_wconf 88' lang='lat' dir='ltr'>ingredi</span> 
     </span>
     <span class='ocr_line' id='line_1_23' title="bbox 139 1442 1549 1493; baseline -0.003 -12"><span class='ocrx_word' id='word_1_184' title='bbox 139 1455 241 1493; x_wconf 88' lang='lat' dir='ltr'>„non</span> <span class='ocrx_word' id='word_1_185' title='bbox 273 1444 406 1490; x_wconf 82' lang='lat' dir='ltr'>licuit3</span> <span class='ocrx_word' id='word_1_186' title='bbox 437 1444 580 1490; x_wconf 91' lang='lat' dir='ltr'>quippe</span> <span class='ocrx_word' id='word_1_187' title='bbox 610 1454 721 1489; x_wconf 85' lang='lat' dir='ltr'>quam</span> <span class='ocrx_word' id='word_1_188' title='bbox 760 1443 995 1489; x_wconf 86' lang='lat' dir='ltr'>bibliopolae</span> <span class='ocrx_word' id='word_1_189' title='bbox 1043 1442 1166 1479; x_wconf 87' lang='lat' dir='ltr'>nostri</span> <span class='ocrx_word' id='word_1_190' title='bbox 1213 1453 1286 1478; x_wconf 91' lang='lat' dir='ltr'>non</span> <span class='ocrx_word' id='word_1_191' title='bbox 1333 1445 1549 1488; x_wconf 82' lang='lat' dir='ltr'>sequuntur</span> 
     </span>
     <span class='ocr_line' id='line_1_24' title="bbox 141 1499 1551 1549; baseline -0.004 -11"><span class='ocrx_word' id='word_1_192' title='bbox 141 1502 208 1549; x_wconf 88' lang='lat' dir='ltr'>„in</span> <span class='ocrx_word' id='word_1_193' title='bbox 237 1502 312 1537; x_wconf 86' lang='lat' dir='ltr'>hoc</span> <span class='ocrx_word' id='word_1_194' title='bbox 341 1500 559 1537; x_wconf 85' lang='lat' dir='ltr'>Literarum</span> <span class='ocrx_word' id='word_1_195' title='bbox 589 1500 778 1547; x_wconf 84' lang='lat' dir='ltr'>genere.“</span> <span class='ocrx_word' id='word_1_196' title='bbox 836 1501 967 1545; x_wconf 89' lang='lat' dir='ltr'>Atque</span> <span class='ocrx_word' id='word_1_197' title='bbox 997 1499 1098 1535; x_wconf 84' lang='lat' dir='ltr'>hanc</span> <span class='ocrx_word' id='word_1_198' title='bbox 1129 1499 1340 1535; x_wconf 87' lang='lat' dir='ltr'>orationem</span> <span class='ocrx_word' id='word_1_199' title='bbox 1360 1508 1456 1535; x_wconf 86' lang='lat' dir='ltr'>sane</span> <span class='ocrx_word' id='word_1_200' title='bbox 1475 1508 1551 1534; x_wconf 90' lang='lat' dir='ltr'>ne-</span> 
     </span>
     <span class='ocr_line' id='line_1_25' title="bbox 140 1553 1550 1602; baseline -0.003 -9"><span class='ocrx_word' id='word_1_201' title='bbox 140 1557 234 1593; x_wconf 87' lang='lat' dir='ltr'>mini</span> <span class='ocrx_word' id='word_1_202' title='bbox 273 1567 348 1593; x_wconf 90' lang='lat' dir='ltr'>non</span> <span class='ocrx_word' id='word_1_203' title='bbox 388 1566 511 1602; x_wconf 81' lang='lat' dir='ltr'>aequo</span> <span class='ocrx_word' id='word_1_204' title='bbox 548 1555 669 1591; x_wconf 92' lang='lat' dir='ltr'>iudici</span> <span class='ocrx_word' id='word_1_205' title='bbox 707 1555 908 1601; x_wconf 86' lang='lat' dir='ltr'>probabat.</span> <span class='ocrx_word' id='word_1_206' title='bbox 976 1556 1020 1591; x_wconf 90' lang='lat' dir='ltr'>In</span> <span class='ocrx_word' id='word_1_207' title='bbox 1061 1555 1172 1591; x_wconf 91' lang='lat' dir='ltr'>libris</span> <span class='ocrx_word' id='word_1_208' title='bbox 1209 1558 1336 1591; x_wconf 84' lang='lat' dir='ltr'>autem</span> <span class='ocrx_word' id='word_1_209' title='bbox 1376 1555 1423 1590; x_wconf 86' lang='lat' dir='ltr'>ab</span> <span class='ocrx_word' id='word_1_210' title='bbox 1463 1553 1550 1600; x_wconf 87' lang='lat' dir='ltr'>ipso</span> 
     </span>
     <span class='ocr_line' id='line_1_26' title="bbox 142 1611 1550 1659; baseline -0.003 -10"><span class='ocrx_word' id='word_1_211' title='bbox 142 1613 280 1659; x_wconf 79' lang='lat' dir='ltr'>editis,</span> <span class='ocrx_word' id='word_1_212' title='bbox 310 1623 377 1659; x_wconf 90' lang='lat' dir='ltr'>pro</span> <span class='ocrx_word' id='word_1_213' title='bbox 406 1613 521 1648; x_wconf 91' lang='lat' dir='ltr'>unico</span> <span class='ocrx_word' id='word_1_214' title='bbox 560 1622 684 1657; x_wconf 90' lang='lat' dir='ltr'>eoque</span> <span class='ocrx_word' id='word_1_215' title='bbox 726 1615 919 1657; x_wconf 88' lang='lat' dir='ltr'>postremo</span> <span class='ocrx_word' id='word_1_216' title='bbox 958 1611 1102 1655; x_wconf 82' lang='lat' dir='ltr'>aliquid</span> <span class='ocrx_word' id='word_1_217' title='bbox 1143 1611 1260 1656; x_wconf 88' lang='lat' dir='ltr'>pretii</span> <span class='ocrx_word' id='word_1_218' title='bbox 1300 1613 1438 1656; x_wconf 90' lang='lat' dir='ltr'>pactus</span> <span class='ocrx_word' id='word_1_219' title='bbox 1476 1613 1550 1656; x_wconf 88' lang='lat' dir='ltr'>est,</span> 
     </span>
     <span class='ocr_line' id='line_1_27' title="bbox 141 1667 1550 1713; baseline -0.005 -6"><span class='ocrx_word' id='word_1_220' title='bbox 141 1669 409 1707; x_wconf 87' lang='lat' dir='ltr'>Schelleriano</span> <span class='ocrx_word' id='word_1_221' title='bbox 429 1668 597 1704; x_wconf 86' lang='lat' dir='ltr'>Lexico:</span> <span class='ocrx_word' id='word_1_222' title='bbox 632 1667 783 1712; x_wconf 82' lang='lat' dir='ltr'>fuitque</span> <span class='ocrx_word' id='word_1_223' title='bbox 813 1667 853 1702; x_wconf 84' lang='lat' dir='ltr'>id</span> <span class='ocrx_word' id='word_1_224' title='bbox 874 1667 1051 1713; x_wconf 79' lang='lat' dir='ltr'>pretium,</span> <span class='ocrx_word' id='word_1_225' title='bbox 1083 1677 1156 1702; x_wconf 91' lang='lat' dir='ltr'>nec</span> <span class='ocrx_word' id='word_1_226' title='bbox 1185 1667 1286 1702; x_wconf 92' lang='lat' dir='ltr'>enim</span> <span class='ocrx_word' id='word_1_227' title='bbox 1318 1667 1387 1702; x_wconf 81' lang='lat' dir='ltr'>abs</span> <span class='ocrx_word' id='word_1_228' title='bbox 1417 1676 1459 1701; x_wconf 91' lang='lat' dir='ltr'>re</span> <span class='ocrx_word' id='word_1_229' title='bbox 1490 1670 1550 1700; x_wconf 87' lang='lat' dir='ltr'>est</span> 
     </span>
     <span class='ocr_line' id='line_1_28' title="bbox 143 1721 1546 1770; baseline -0.003 -10"><span class='ocrx_word' id='word_1_230' title='bbox 143 1725 243 1760; x_wconf 82' lang='lat' dir='ltr'>alios</span> <span class='ocrx_word' id='word_1_231' title='bbox 263 1724 335 1759; x_wconf 84' lang='lat' dir='ltr'>boc</span> <span class='ocrx_word' id='word_1_232' title='bbox 352 1725 467 1769; x_wconf 89' lang='lat' dir='ltr'>scire,</span> <span class='ocrx_word' id='word_1_233' title='bbox 489 1724 824 1770; x_wconf 87' lang='lat' dir='ltr'>septingentorum</span> <span class='ocrx_word' id='word_1_234' title='bbox 846 1725 1088 1759; x_wconf 87' lang='lat' dir='ltr'>florenorum.</span> <span class='ocrx_word' id='word_1_235' title='bbox 1125 1724 1176 1758; x_wconf 82' lang='lat' dir='ltr'>Et</span> <span class='ocrx_word' id='word_1_236' title='bbox 1198 1733 1291 1758; x_wconf 89' lang='lat' dir='ltr'>vero</span> <span class='ocrx_word' id='word_1_237' title='bbox 1312 1722 1436 1768; x_wconf 86' lang='lat' dir='ltr'>iuvat,</span> <span class='ocrx_word' id='word_1_238' title='bbox 1457 1721 1546 1767; x_wconf 89' lang='lat' dir='ltr'>quid</span> 
     </span>
     <span class='ocr_line' id='line_1_29' title="bbox 141 1777 1648 1827; baseline -0.004 -10"><span class='ocrx_word' id='word_1_239' title='bbox 141 1781 229 1827; x_wconf 83' lang='lat' dir='ltr'>ipse</span> <span class='ocrx_word' id='word_1_240' title='bbox 259 1780 307 1815; x_wconf 89' lang='lat' dir='ltr'>de</span> <span class='ocrx_word' id='word_1_241' title='bbox 336 1780 410 1815; x_wconf 91' lang='lat' dir='ltr'>hoc</span> <span class='ocrx_word' id='word_1_242' title='bbox 439 1779 571 1815; x_wconf 91' lang='lat' dir='ltr'>labore</span> <span class='ocrx_word' id='word_1_243' title='bbox 600 1779 648 1814; x_wconf 86' lang='lat' dir='ltr'>ad</span> <span class='ocrx_word' id='word_1_244' title='bbox 679 1789 739 1814; x_wconf 91' lang='lat' dir='ltr'>me</span> <span class='ocrx_word' id='word_1_245' title='bbox 769 1778 972 1824; x_wconf 86' lang='lat' dir='ltr'>scripserit</span> <span class='ocrx_word' id='word_1_246' title='bbox 1001 1778 1040 1813; x_wconf 93' lang='lat' dir='ltr'>in</span> <span class='ocrx_word' id='word_1_247' title='bbox 1072 1777 1238 1823; x_wconf 83' lang='lat' dir='ltr'>epistola</span> <span class='ocrx_word' id='word_1_248' title='bbox 1275 1777 1436 1814; x_wconf 85' lang='lat' dir='ltr'>Calend.</span> <span class='ocrx_word' id='word_1_249' title='bbox 1479 1778 1549 1812; x_wconf 86' lang='lat' dir='ltr'>Ia-</span> <span class='ocrx_word' id='word_1_250' title='bbox 1567 1781 1648 1818; x_wconf 75' lang='lat'>265</span> 
     </span>
     <span class='ocr_line' id='line_1_30' title="bbox 144 1833 1550 1880; baseline -0.004 -7"><span class='ocrx_word' id='word_1_251' title='bbox 144 1846 254 1873; x_wconf 86' lang='lat' dir='ltr'>nuar.</span> <span class='ocrx_word' id='word_1_252' title='bbox 293 1845 394 1870; x_wconf 85' lang='lat' dir='ltr'>anno</span> <span class='ocrx_word' id='word_1_253' title='bbox 435 1834 554 1871; x_wconf 80' lang='lat'>1793.</span> <span class='ocrx_word' id='word_1_254' title='bbox 600 1835 725 1880; x_wconf 83' lang='lat' dir='ltr'>ipsius</span> <span class='ocrx_word' id='word_1_255' title='bbox 764 1834 896 1870; x_wconf 89' lang='lat' dir='ltr'>verbis</span> <span class='ocrx_word' id='word_1_256' title='bbox 933 1835 1104 1869; x_wconf 86' lang='lat' dir='ltr'>referre:</span> <span class='ocrx_word' id='word_1_257' title='bbox 1142 1834 1237 1880; x_wconf 87' lang='lat' dir='ltr'>„Me</span> <span class='ocrx_word' id='word_1_258' title='bbox 1275 1833 1402 1868; x_wconf 87' lang='lat' dir='ltr'>adhuc</span> <span class='ocrx_word' id='word_1_259' title='bbox 1432 1843 1550 1869; x_wconf 82' lang='lat' dir='ltr'>exer-</span> 
     </span>
     <span class='ocr_line' id='line_1_31' title="bbox 142 1889 1548 1939; baseline -0.003 -11"><span class='ocrx_word' id='word_1_260' title='bbox 142 1896 232 1939; x_wconf 85' lang='lat' dir='ltr'>„cet</span> <span class='ocrx_word' id='word_1_261' title='bbox 260 1892 440 1939; x_wconf 87' lang='lat' dir='ltr'>ingratus</span> <span class='ocrx_word' id='word_1_262' title='bbox 467 1891 647 1936; x_wconf 88' lang='lat' dir='ltr'>idemque</span> <span class='ocrx_word' id='word_1_263' title='bbox 675 1890 869 1937; x_wconf 89' lang='lat' dir='ltr'>inglorius</span> <span class='ocrx_word' id='word_1_264' title='bbox 890 1890 999 1926; x_wconf 84' lang='lat' dir='ltr'>labor</span> <span class='ocrx_word' id='word_1_265' title='bbox 1019 1889 1280 1926; x_wconf 87' lang='lat' dir='ltr'>Schelleriani</span> <span class='ocrx_word' id='word_1_266' title='bbox 1310 1889 1448 1924; x_wconf 85' lang='lat' dir='ltr'>Lexici</span> <span class='ocrx_word' id='word_1_267' title='bbox 1480 1900 1548 1924; x_wconf 89' lang='lat' dir='ltr'>re-</span> 
     </span>
     <span class='ocr_line' id='line_1_32' title="bbox 140 1944 1549 1995; baseline -0.004 -11"><span class='ocrx_word' id='word_1_268' title='bbox 140 1947 367 1995; x_wconf 88' lang='lat' dir='ltr'>„censendi,</span> <span class='ocrx_word' id='word_1_269' title='bbox 396 1950 434 1982; x_wconf 88' lang='lat' dir='ltr'>et</span> <span class='ocrx_word' id='word_1_270' title='bbox 463 1946 513 1981; x_wconf 83' lang='lat' dir='ltr'>ad</span> <span class='ocrx_word' id='word_1_271' title='bbox 541 1947 707 1981; x_wconf 90' lang='lat' dir='ltr'>tironum</span> <span class='ocrx_word' id='word_1_272' title='bbox 739 1955 853 1980; x_wconf 87' lang='lat' dir='ltr'>usum</span> <span class='ocrx_word' id='word_1_273' title='bbox 883 1944 1205 1980; x_wconf 84' lang='lat' dir='ltr'>accommodandi.</span> <span class='ocrx_word' id='word_1_274' title='bbox 1264 1946 1337 1980; x_wconf 85' lang='lat' dir='ltr'>Pro</span> <span class='ocrx_word' id='word_1_275' title='bbox 1376 1955 1452 1989; x_wconf 87' lang='lat' dir='ltr'>qua</span> <span class='ocrx_word' id='word_1_276' title='bbox 1484 1948 1549 1979; x_wconf 87' lang='lat' dir='ltr'>ta-</span> 
     </span>
     <span class='ocr_line' id='line_1_33' title="bbox 143 1997 1551 2051; baseline -0.004 -11"><span class='ocrx_word' id='word_1_277' title='bbox 143 2015 256 2051; x_wconf 85' lang='lat' dir='ltr'>„men</span> <span class='ocrx_word' id='word_1_278' title='bbox 275 2013 403 2049; x_wconf 85' lang='lat' dir='ltr'>opera,</span> <span class='ocrx_word' id='word_1_279' title='bbox 426 2002 773 2047; x_wconf 84' lang='lat' dir='ltr'>Wyttenbacnium</span> <span class='ocrx_word' id='word_1_280' title='bbox 796 2010 919 2036; x_wconf 90' lang='lat' dir='ltr'>meum</span> <span class='ocrx_word' id='word_1_281' title='bbox 937 2000 977 2036; x_wconf 94' lang='lat' dir='ltr'>in</span> <span class='ocrx_word' id='word_1_282' title='bbox 1002 2001 1207 2036; x_wconf 88' lang='lat' dir='ltr'>Plutarcho</span> <span class='ocrx_word' id='word_1_283' title='bbox 1220 1997 1278 2047; x_wconf 80' lang='grc'>**)</span> <span class='ocrx_word' id='word_1_284' title='bbox 1301 2000 1451 2035; x_wconf 90' lang='lat' dir='ltr'>edendo</span> <span class='ocrx_word' id='word_1_285' title='bbox 1469 2000 1551 2034; x_wconf 88' lang='lat' dir='ltr'>imi-</span> 
     </span>
     <span class='ocr_line' id='line_1_34' title="bbox 145 2053 1552 2107; baseline -0.004 -12"><span class='ocrx_word' id='word_1_286' title='bbox 145 2063 290 2107; x_wconf 88' lang='lat' dir='ltr'>„tatus,</span> <span class='ocrx_word' id='word_1_287' title='bbox 320 2058 538 2094; x_wconf 87' lang='lat' dir='ltr'>mercedem</span> <span class='ocrx_word' id='word_1_288' title='bbox 568 2053 698 2104; x_wconf 80' lang='lat' dir='ltr'>exegi.</span> <span class='ocrx_word' id='word_1_289' title='bbox 761 2059 858 2092; x_wconf 87' lang='lat' dir='ltr'>Sero</span> <span class='ocrx_word' id='word_1_290' title='bbox 877 2056 1068 2104; x_wconf 85' lang='lat' dir='ltr'>intelligo,</span> <span class='ocrx_word' id='word_1_291' title='bbox 1099 2066 1159 2091; x_wconf 91' lang='lat' dir='ltr'>me</span> <span class='ocrx_word' id='word_1_292' title='bbox 1179 2057 1378 2101; x_wconf 89' lang='lat' dir='ltr'>hucusque</span> <span class='ocrx_word' id='word_1_293' title='bbox 1399 2056 1445 2090; x_wconf 82' lang='lat' dir='ltr'>ad</span> <span class='ocrx_word' id='word_1_294' title='bbox 1466 2066 1552 2091; x_wconf 89' lang='lat' dir='ltr'>om—</span> 
     </span>
     <span class='ocr_line' id='line_1_35' title="bbox 149 2110 1552 2163; baseline -0.004 -12"><span class='ocrx_word' id='word_1_295' title='bbox 149 2116 240 2163; x_wconf 80' lang='lat' dir='ltr'>„nia</span> <span class='ocrx_word' id='word_1_296' title='bbox 269 2115 346 2150; x_wconf 80' lang='lat' dir='ltr'>alia</span> <span class='ocrx_word' id='word_1_297' title='bbox 376 2115 524 2150; x_wconf 91' lang='lat' dir='ltr'>rectius</span> <span class='ocrx_word' id='word_1_298' title='bbox 555 2113 745 2159; x_wconf 82' lang='lat' dir='ltr'>sapuisse.</span> <span class='ocrx_word' id='word_1_299' title='bbox 777 2122 889 2158; x_wconf 83' lang='lat' dir='ltr'>quam</span> <span class='ocrx_word' id='word_1_300' title='bbox 920 2112 970 2147; x_wconf 78' lang='lat' dir='ltr'>ad</span> <span class='ocrx_word' id='word_1_301' title='bbox 1000 2123 1078 2148; x_wconf 92' lang='lat' dir='ltr'>rem</span> <span class='ocrx_word' id='word_1_302' title='bbox 1100 2110 1368 2148; x_wconf 78' lang='lat' dir='ltr'>faciendam.“</span> <span class='ocrx_word' id='word_1_303' title='bbox 1406 2112 1552 2148; x_wconf 87' lang='lat' dir='ltr'>Caete-</span> 
     </span>
     <span class='ocr_line' id='line_1_36' title="bbox 147 2167 1554 2218; baseline -0.004 -11"><span class='ocrx_word' id='word_1_304' title='bbox 147 2181 245 2218; x_wconf 90' lang='lat' dir='ltr'>rum,</span> <span class='ocrx_word' id='word_1_305' title='bbox 275 2170 309 2206; x_wconf 89' lang='lat' dir='ltr'>si</span> <span class='ocrx_word' id='word_1_306' title='bbox 340 2170 427 2216; x_wconf 91' lang='lat' dir='ltr'>quis</span> <span class='ocrx_word' id='word_1_307' title='bbox 456 2169 570 2216; x_wconf 82' lang='lat' dir='ltr'>paulo</span> <span class='ocrx_word' id='word_1_308' title='bbox 593 2169 767 2204; x_wconf 85' lang='lat' dir='ltr'>severior</span> <span class='ocrx_word' id='word_1_309' title='bbox 796 2178 871 2203; x_wconf 89' lang='lat' dir='ltr'>non</span> <span class='ocrx_word' id='word_1_310' title='bbox 908 2169 1174 2213; x_wconf 85' lang='lat' dir='ltr'>acquiesceret</span> <span class='ocrx_word' id='word_1_311' title='bbox 1213 2168 1253 2202; x_wconf 90' lang='lat' dir='ltr'>in</span> <span class='ocrx_word' id='word_1_312' title='bbox 1291 2167 1358 2202; x_wconf 89' lang='lat' dir='ltr'>illa</span> <span class='ocrx_word' id='word_1_313' title='bbox 1395 2171 1554 2213; x_wconf 86' lang='lat' dir='ltr'>praete-</span> 
     </span>
     <span class='ocr_line' id='line_1_37' title="bbox 149 2223 1553 2272; baseline -0.004 -9"><span class='ocrx_word' id='word_1_314' title='bbox 149 2228 216 2263; x_wconf 88' lang='lat' dir='ltr'>riti</span> <span class='ocrx_word' id='word_1_315' title='bbox 246 2226 431 2272; x_wconf 90' lang='lat' dir='ltr'>temporis</span> <span class='ocrx_word' id='word_1_316' title='bbox 462 2225 730 2265; x_wconf 83' lang='lat' dir='ltr'>excusatione,</span> <span class='ocrx_word' id='word_1_317' title='bbox 761 2223 829 2259; x_wconf 87' lang='lat' dir='ltr'>sed</span> <span class='ocrx_word' id='word_1_318' title='bbox 860 2223 1026 2259; x_wconf 88' lang='lat' dir='ltr'>ulterius</span> <span class='ocrx_word' id='word_1_319' title='bbox 1056 2224 1093 2258; x_wconf 91' lang='lat' dir='ltr'>ei</span> <span class='ocrx_word' id='word_1_320' title='bbox 1122 2224 1421 2270; x_wconf 85' lang='lat' dir='ltr'>ingereret,eum</span> <span class='ocrx_word' id='word_1_321' title='bbox 1453 2233 1553 2268; x_wconf 87' lang='lat' dir='ltr'>qua-</span> 
     </span>
     <span class='ocr_line' id='line_1_38' title="bbox 152 2279 1553 2324; baseline -0.004 -6"><span class='ocrx_word' id='word_1_322' title='bbox 152 2283 214 2318; x_wconf 90' lang='lat' dir='ltr'>vis</span> <span class='ocrx_word' id='word_1_323' title='bbox 243 2282 322 2318; x_wconf 81' lang='lat' dir='ltr'>alia</span> <span class='ocrx_word' id='word_1_324' title='bbox 350 2281 501 2317; x_wconf 87' lang='lat' dir='ltr'>ratione</span> <span class='ocrx_word' id='word_1_325' title='bbox 531 2280 695 2316; x_wconf 82' lang='lat' dir='ltr'>fortunis</span> <span class='ocrx_word' id='word_1_326' title='bbox 724 2279 859 2314; x_wconf 81' lang='lat' dir='ltr'>uxoris</span> <span class='ocrx_word' id='word_1_327' title='bbox 889 2282 928 2313; x_wconf 88' lang='lat' dir='ltr'>et</span> <span class='ocrx_word' id='word_1_328' title='bbox 952 2279 1115 2314; x_wconf 82' lang='lat' dir='ltr'>filiarum</span> <span class='ocrx_word' id='word_1_329' title='bbox 1137 2279 1360 2324; x_wconf 87' lang='lat' dir='ltr'>prospicere</span> <span class='ocrx_word' id='word_1_330' title='bbox 1390 2279 1553 2321; x_wconf 82' lang='lat' dir='ltr'>debere3</span> 
     </span>
     <span class='ocr_line' id='line_1_39' title="bbox 152 2334 1554 2381; baseline -0.003 -7"><span class='ocrx_word' id='word_1_331' title='bbox 152 2343 231 2374; x_wconf 90' lang='lat' dir='ltr'>tum</span> <span class='ocrx_word' id='word_1_332' title='bbox 271 2338 339 2373; x_wconf 84' lang='lat' dir='ltr'>iile</span> <span class='ocrx_word' id='word_1_333' title='bbox 379 2337 488 2372; x_wconf 90' lang='lat' dir='ltr'>vultu</span> <span class='ocrx_word' id='word_1_334' title='bbox 519 2336 719 2381; x_wconf 88' lang='lat' dir='ltr'>oculisque</span> <span class='ocrx_word' id='word_1_335' title='bbox 749 2335 926 2370; x_wconf 86' lang='lat' dir='ltr'>fiduciam</span> <span class='ocrx_word' id='word_1_336' title='bbox 966 2338 1005 2370; x_wconf 91' lang='lat' dir='ltr'>et</span> <span class='ocrx_word' id='word_1_337' title='bbox 1044 2334 1348 2381; x_wconf 77' lang='lat' dir='ltr'>indignationem</span> <span class='ocrx_word' id='word_1_338' title='bbox 1394 2334 1554 2381; x_wconf 81' lang='lat' dir='ltr'>signifi-</span> 
     </span>
     <span class='ocr_line' id='line_1_40' title="bbox 153 2387 1552 2442; baseline -0.003 -14"><span class='ocrx_word' id='word_1_339' title='bbox 153 2393 349 2442; x_wconf 75' lang='lat' dir='ltr'>cantibus,</span> <span class='ocrx_word' id='word_1_340' title='bbox 380 2394 471 2429; x_wconf 82' lang='lat' dir='ltr'>Non</span> <span class='ocrx_word' id='word_1_341' title='bbox 501 2393 678 2436; x_wconf 77' lang='lat' dir='ltr'>deerunt,</span> <span class='ocrx_word' id='word_1_342' title='bbox 709 2390 852 2436; x_wconf 88' lang='lat' dir='ltr'>inquit,</span> <span class='ocrx_word' id='word_1_343' title='bbox 885 2391 1014 2434; x_wconf 75' lang='lat' dir='ltr'>amici,</span> <span class='ocrx_word' id='word_1_344' title='bbox 1044 2390 1270 2436; x_wconf 67' lang='lat' dir='ltr'>(suillarum</span> <span class='ocrx_word' id='word_1_345' title='bbox 1300 2387 1552 2435; x_wconf 75' lang='lat' dir='ltr'>difficultati-</span> 
     </span>
     <span class='ocr_line' id='line_1_41' title="bbox 151 2443 1553 2494; baseline -0.004 -8"><span class='ocrx_word' id='word_1_346' title='bbox 151 2452 224 2487; x_wconf 75' lang='lat' dir='ltr'>bus</span> <span class='ocrx_word' id='word_1_347' title='bbox 245 2449 480 2494; x_wconf 76' lang='lat' dir='ltr'>consulant;</span> <span class='ocrx_word' id='word_1_348' title='bbox 509 2451 551 2483; x_wconf 89' lang='lat' dir='ltr'>ut</span> <span class='ocrx_word' id='word_1_349' title='bbox 572 2456 680 2482; x_wconf 90' lang='lat' dir='ltr'>nemo</span> <span class='ocrx_word' id='word_1_350' title='bbox 712 2456 785 2481; x_wconf 89' lang='lat' dir='ltr'>non</span> <span class='ocrx_word' id='word_1_351' title='bbox 805 2446 1077 2492; x_wconf 89' lang='lat' dir='ltr'>intempestive</span> <span class='ocrx_word' id='word_1_352' title='bbox 1099 2446 1256 2492; x_wconf 87' lang='lat' dir='ltr'>sapiens</span> <span class='ocrx_word' id='word_1_353' title='bbox 1274 2456 1359 2480; x_wconf 91' lang='lat' dir='ltr'>eum</span> <span class='ocrx_word' id='word_1_354' title='bbox 1390 2443 1553 2492; x_wconf 86' lang='lat' dir='ltr'>amplius</span> 
     </span>
    </p>
   </div>
   <div class='ocr_carea' id='block_1_3' title="bbox 155 2623 867 2664">
    <p class='ocr_par' dir='ltr' id='par_1_3' title="bbox 155 2623 867 2664">
     <span class='ocr_line' id='line_1_42' title="bbox 155 2623 867 2664; baseline -0.003 -9"><span class='ocrx_word' id='word_1_355' title='bbox 155 2624 186 2662; x_wconf 81' lang='lat'>⁸)</span> <span class='ocrx_word' id='word_1_356' title='bbox 211 2624 266 2656; x_wconf 77' lang='lat' dir='ltr'>Cf.</span> <span class='ocrx_word' id='word_1_357' title='bbox 290 2632 398 2664; x_wconf 80' lang='lat' dir='ltr'>snpra</span> <span class='ocrx_word' id='word_1_358' title='bbox 422 2631 503 2664; x_wconf 84' lang='lat' dir='ltr'>pag.</span> <span class='ocrx_word' id='word_1_359' title='bbox 528 2623 583 2654; x_wconf 85' lang='lat' dir='ltr'>ed.</span> <span class='ocrx_word' id='word_1_360' title='bbox 607 2632 658 2662; x_wconf 86' lang='lat' dir='ltr'>pr.</span> <span class='ocrx_word' id='word_1_361' title='bbox 688 2623 762 2654; x_wconf 83' lang='lat'>140.</span> <span class='ocrx_word' id='word_1_362' title='bbox 796 2623 867 2654; x_wconf 72' lang='grc' dir='ltr'>ΕΒ.</span> 
     </span>
    </p>
   </div>
   <div class='ocr_carea' id='block_1_4' title="bbox 156 2687 1554 2776">
    <p class='ocr_par' dir='ltr' id='par_1_4' title="bbox 156 2687 1554 2776">
     <span class='ocr_line' id='line_1_43' title="bbox 156 2687 1554 2729; baseline -0.003 -7"><span class='ocrx_word' id='word_1_363' title='bbox 156 2690 366 2729; x_wconf 75' lang='lat' dir='ltr'>“JEditione</span> <span class='ocrx_word' id='word_1_364' title='bbox 389 2690 540 2729; x_wconf 86' lang='lat' dir='ltr'>Operum</span> <span class='ocrx_word' id='word_1_365' title='bbox 564 2691 749 2722; x_wconf 83' lang='lat' dir='ltr'>Moralium</span> <span class='ocrx_word' id='word_1_366' title='bbox 782 2697 802 2720; x_wconf 81' lang='lat' dir='ltr'>a</span> <span class='ocrx_word' id='word_1_367' title='bbox 833 2697 888 2719; x_wconf 88' lang='lat' dir='ltr'>me</span> <span class='ocrx_word' id='word_1_368' title='bbox 913 2690 1082 2727; x_wconf 80' lang='lat' dir='ltr'>instituta,</span> <span class='ocrx_word' id='word_1_369' title='bbox 1105 2695 1191 2728; x_wconf 86' lang='lat' dir='ltr'>quae</span> <span class='ocrx_word' id='word_1_370' title='bbox 1224 2687 1366 2728; x_wconf 83' lang='lat' dir='ltr'>Oxonii,</span> <span class='ocrx_word' id='word_1_371' title='bbox 1389 2689 1554 2727; x_wconf 78' lang='lat' dir='ltr'>auspiciis</span> 
     </span>
     <span class='ocr_line' id='line_1_44' title="bbox 202 2733 1318 2776; baseline -0.004 -9"><span class='ocrx_word' id='word_1_372' title='bbox 202 2736 393 2767; x_wconf 80' lang='lat' dir='ltr'>lnustrium</span> <span class='ocrx_word' id='word_1_373' title='bbox 418 2736 674 2776; x_wconf 81' lang='lat' dir='ltr'>Delegatorum</span> <span class='ocrx_word' id='word_1_374' title='bbox 701 2735 787 2774; x_wconf 85' lang='lat' dir='ltr'>preli</span> <span class='ocrx_word' id='word_1_375' title='bbox 813 2733 1098 2773; x_wconf 73' lang='lat' dir='ltr'>clarendoniam,</span> <span class='ocrx_word' id='word_1_376' title='bbox 1123 2733 1318 2764; x_wconf 84' lang='lat' dir='ltr'>excuditur.</span> 
     </span>
    </p>
   </div>
  </div>
 </body>
</html>
