1816 3233
697 175 1006 217 —171—

145 248 226 284 Pag.
235 247 285 276 ed.
295 245 394 281 princ.
1076 274 1079 276 .

282 290 528 321 coniunctivus
551 291 697 322 revocet
718 290 917 330 probandus
942 291 999 320 sit.
1050 288 1102 321 cf.
1130 289 1266 328 Zumpt.
1292 288 1353 319 Gr.
1368 288 1407 318 L.
1429 289 1463 327 S.
1482 288 1560 319 565.

282 334 338 365 ed.
363 335 396 365 9.
444 333 621 374 Krueger.
647 336 709 366 Gr.
735 336 773 365 L.
801 334 923 374 §.614
951 335 1027 365 adn.
1049 335 1082 364 4.
1131 333 1229 372 Quod
1256 335 1377 366 statim
1401 334 1562 372 sequitur

281 381 318 410 in
341 381 655 421 praesentiarum,
681 380 724 411 de
756 388 800 411 eo
833 380 1088 410 conferendum
1120 381 1319 418 cumprimis
1357 379 1415 410 aio
1446 379 1561 409 Brem-

281 424 322 455 ad
348 425 475 463 Nepot.
489 425 630 462 xxm,
655 426 686 463 6,
710 425 743 455 2.
759 429 794 456 et
819 424 1069 456 Doederlin.iu
1095 426 1229 462 Synou.
1257 423 1280 453 l.
1306 424 1362 454 22.
1386 431 1466 463 pag.
1485 422 1558 453 139.

268 477 326 501 rae
351 469 455 501 facile
480 469 638 500 concedo
664 478 780 501 rarum
808 470 887 500 illud
921 470 1055 507 quidem
1087 477 1169 499 esse
1195 467 1279 508 (vid.
1304 468 1431 499 Krcbs.
1459 468 1563 498 Anti-

281 514 376 545 barb.
392 514 570 554 pag-406.)
585 522 696 554 neque
712 519 828 546 tamen
842 515 930 545 adeo
946 514 1120 553 religiose
1137 515 1310 545 vitandum
1336 521 1435 552 quam
1451 514 1561 543 visum

282 559 349 589 fuit
379 559 582 597 quibusdam
609 558 871 590 Grammaticis,
920 560 1004 590 Nam
1037 562 1093 589 est
1125 559 1288 597 profecto
1321 559 1375 589 ubi
1406 565 1564 589 commo—

282 604 427 634 dissime
450 605 702 644 aptissimeque
726 607 888 644 ponatur.

148 658 322 692 12.vs.12.
347 657 596 700 proficiscitur
621 676 663 682 —-
688 661 731 691 ut
757 676 790 681 -
820 668 856 690 se
882 658 1085 701 conferret,
1110 661 1146 690 et
1168 676 1210 682 --
1235 660 1415 690 inviseret.
1475 659 1565 689 Ani-

285 703 470 745 madgerte
494 707 688 744 temporum
713 706 1019 743 consecutionem,
1044 712 1143 744 quam
1169 707 1300 735 vocant
1325 703 1565 735 Grammatici.

285 749 721 790 Praesenlixsubiungitur
743 750 1008 788 imperfectum,
1043 752 1143 780 recte
1168 750 1200 780 h.
1227 750 1265 788 l.‚
1291 751 1370 789 quia
1393 757 1566 787 praesens

286 795 491 825 historicum
518 796 554 824 vi
579 796 762 834 praeteriti
788 797 939 834 ponitur.
983 794 1259 825 LINDEMANN.
1290 811 1324 816 —-
1356 793 1408 825 Cf.
1426 795 1565 832 Zumpt.

286 839 348 870 Gr.
374 838 415 869 L.
436 837 559 878 5501.
607 840 785 878 Krueger.
811 840 844 878 g.
860 839 938 869 622.
986 840 1109 870 Paullo
1134 842 1216 878 post
1239 839 1461 870 scribendum
1489 842 1567 870 erat

283 884 507 916 deverticuli.

150 957 195 964 —
214 957 250 963 —
268 938 322 971 17.
348 948 422 971 non
446 940 515 971 nisi
538 947 685 980 paucos.
727 938 837 970 Immo
861 947 998 979 paucos
1023 940 1176 970 temtum.
1214 938 1361 970 Omnino
1378 937 1565 976 wyttenb.

285 993 358 1017 non
380 986 451 1015 m'si
474 985 665 1024 particulas
689 985 780 1016 haud
807 992 889 1016 raro
915 993 1036 1023 parum
1061 984 1247 1023 eleganter
1271 985 1464 1022 usurpavit,
1491 982 1568 1012 vel-

284 1033 324 1060 ut
353 1032 388 1060 in
419 1030 473 1060 liis
507 1030 579 1068 (vs.
604 1028 679 1065 8.):
720 1038 791 1060 non
822 1031 893 1060 vnisi
928 1029 1051 1070 futuri
1084 1028 1251 1069 Tlaeeologsz'
1286 1027 1482 1059 discebant.
1522 1026 1567 1057 cf.

286 1075 426 1114 Zumpt.
465 1075 499 1113 S.
518 1074 600 1106 801.
647 1074 700 1106 De
725 1083 785 1105 vv.
812 1075 943 1116 quippe
966 1082 1034 1115 quo
1058 1089 1102 1095 —-
1126 1073 1341 1105 adduxerat
1381 1073 1426 1102 cl'.
1460 1079 1569 1112 supra

286 1120 328 1151 ad
363 1119 413 1150 12.
437 1119 469 1151 4.

154 1182 192 1189 -
212 1181 249 1188 —
265 1164 321 1195 20.
351 1165 462 1196 Locos.
509 1165 561 1195 De
586 1165 652 1196 hoc
678 1164 850 1196 vocabulo
876 1165 967 1194 satis
991 1163 1101 1195 suerit
1125 1168 1348 1202 provocasse
1372 1161 1414 1194 ad
1439 1162 1567 1193 lii-ebs.

286 1210 404 1241 Antib.
430 1217 512 1250 pag.
525 1210 604 1240 469.

153 1264 319 1298 13.-13.
345 1265 388 1296 de
411 1265 470 1296 die
499 1267 537 1296 in
569 1266 671 1297 diem.
729 1265 788 1295 Sic
819 1272 911 1295 nunc
942 1270 1050 1303 saepe
1081 1262 1287 1304 loquuntur,
1320 1264 1467 1293 veteres
1500 1270 1568 1293 uon

286 1312 390 1350 item,
414 1310 534 1349 quibus
560 1313 661 1342 unice
685 1310 900 1350 probabatur
924 1311 962 1341 z'n
991 1310 1076 1340 dies.
1108 1307 1174 1348 (cs.
1203 1307 1315 1338 Hand.
1340 1307 1490 1338 'rui-sell.
1525 1307 1571 1339 Π.

288 1364 367 1395 pag.
382 1354 477 1394 20¹7.)
495 1356 613 1394 Quare
626 1357 737 1387 miror
758 1356 897 1394 Zumpt..
917 1356 951 1385 in
969 1355 1056 1385 libro
1077 1353 1249 1384 tironibus
1266 1354 1399 1391 scripto
1414 1352 1570 1392 Aul'yab.

285 1409 371 1432 zum
393 1400 592 1432 Uebersetz.
611 1404 676 1432 etc.
707 1409 784 1441 pag.
800 1400 883 1439 265,
909 1400 940 1430 6.
960 1399 1015 1432 ed.
1033 1399 1066 1430 4.
1083 1399 1126 1430 de
1144 1399 1200 1429 die
1215 1399 1252 1429 in
1276 1398 1368 1429 diem
1393 1405 1572 1429 commen-

287 1446 375 1477 dare
400 1448 570 1485 potuisse.

152 1490 257 1524 14.-
273 1489 304 1522 1.
328 1491 480 1532 propius
503 1490 636 1523 abesse.
673 1489 802 1522 Cicero
828 1490 869 1521 ad
888 1490 1043 1520 Atticum
1058 1487 1089 1528 Ι,
1106 1488 1141 1527 1,
1157 1488 1191 1518 2.
1224 1488 1397 1529 quoniam
1419 1489 1573 1530 propius

290 1534 386 1569 abes.

156 1597 193 1605 -
217 1599 253 1605 —
275 1583 309 1614 5.
340 1582 525 1613 duumviri
549 1581 615 1611 illi.
664 1581 791 1611 Parum
827 1581 909 1619 apte
934 1580 1113 1617 Bergerus
1150 1582 1186 1610 et
1209 1578 1372 1609 Ritterus
1397 1580 1574 1609 vocantur

287 1627 494 1667 duumviri,
522 1626 564 1657 de
590 1633 656 1665 quo
674 1626 742 1656 vid.
780 1625 908 1656 Krebs.
928 1626 962 1655 in
982 1624 1168 1655 Antibarb.
1185 1631 1264 1662 pag.
1285 1622 1364 1653 310.
1378 1632 1429 1664 sq.
1462 1624 1574 1654 scribi

289 1672 498 1709 simpliciter
523 1670 710 1710 oportebat
733 1672 805 1702 viri
829 1671 903 1706 ill2'5
945 1677 1025 1700 nam
1057 1677 1100 1699 ne
1130 1669 1202 1699 duo
1227 1668 1362 1708 quidem
1388 1669 1419 1699 h.
1447 1669 1469 1699 l.
1496 1668 1574 1699 addi

291 1715 436 1747 licebat.
484 1716 537 1746 De
575 1718 652 1755 ipsa
684 1717 799 1747 forma
833 1716 984 1747 nominis
1015 1714 1201 1745 duumviri
1226 1714 1290 1751 (τ
1303 1713 1477 1752 ᾱιιουὶνὶ)
1505 1713 1573 1744 vid.

289 1762 427 1800 Zumpt.
453 1760 516 1791 Gr.
542 1761 582 1790 Ι..
615 1760 740 1799 §.124

155 1824 197 1831 -
217 1824 257 1830 --
279 1807 311 1837 9.
341 1805 436 1846 quod
466 1814 515 1836 cm
546 1806 629 1836 item
655 1822 698 1828 —
722 1805 940 1836 inventurus
971 1804 1063 1835 esset
1085 1819 1128 1824 -—
1152 1802 1355 1834 dubitabat.
1414 1804 1514 1833 More
1540 1805 1577 1833 et

291 1850 454 1890 exemplo
475 1852 686 1888 optimorum
708 1852 923 1890 scriptorum
941 1849 1124 1880 dicendum
1143 1852 1237 1880 erat:
1264 1847 1359 1889 quod
1383 1856 1468 1878 num
1492 1849 1576 1878 item

293 1899 362 1928 eto.
390 1896 446 1926 vel
465 1897 536 1927 sic:
562 1896 657 1936 quod
669 1905 718 1926 tm
736 1897 818 1927 item
838 1912 870 1916 —
888 1895 1104 1926 inventurus
1122 1902 1194 1924 ηοη
1213 1895 1305 1924 esset
1318 1910 1356 1915 —
1375 1892 1575 1924 dubitabat,

161 1970 199 1976 —-
222 1969 259 1976 —-
278 1953 331 1984 16.
358 1952 496 1983 biennio
516 1951 651 1990 postea.
686 1952 744 1981 Sic
769 1958 855 1981 raro
880 1949 1063 1981 admodum
1091 1951 1235 1979 veteres
1260 1955 1324 1987 pro
1349 1947 1464 1978 bienn.
1481 1949 1578 1987 post,-

291 1996 362 2028 vid.
401 1997 538 2036 Zumpt.
574 1995 617 2026 ad
651 1994 723 2026 Cic.
758 1996 859 2026 Verr.
889 1995 931 2032 V,
956 1993 1114 2031 54,142.
1150 1993 1205 2024 ubi
1242 2001 1286 2024 ex
1319 1993 1459 2032 optimis
1494 1992 1577 2023 libb.

291 2041 460 2083 perbrevi
492 2041 619 2082 postea
651 2041 778 2072 editum
805 2043 870 2071 est.
920 2040 1028 2070 Simil.
1056 2038 1150 2070 infra
1174 2046 1256 2078 pag.
1272 2037 1335 2077 41,
1361 2037 1414 2068 13.
1442 2038 1495 2077 68,
1521 2037 1576 2068 15.

293 2087 422 2127 viqinti
445 2087 552 2117 annis
582 2087 719 2124 postea.

161 2149 199 2156 —
223 2150 262 2156 -
279 2132 335 2163 22.
360 2130 517 2162 Latinae
541 2132 720 2162 orationis
751 2130 952 2171 puritatem
989 2129 1126 2161 frustra
1158 2128 1316 2159 defendit
1347 2129 1577 2168 BergmanuS.

293 2177 378 2208 Vid.
393 2175 471 2207 adu.
492 2185 534 2207 m.
550 2176 592 2205 ad
611 2177 739 2206 Mutet.
767 2175 847 2206 Vol.
864 2175 890 2205 Ι.
918 2182 995 2214 pag.
1015 2173 1090 2205 145.
1109 2183 1161 2214 sq.
1178 2177 1214 2203 et
1238 2174 1367 2205 Krebs.
1394 2173 1579 2204 Antibarb.

297 2230 375 2262 pag.
395 2220 473 2252 656.
491 2229 591 2261 quem
608 2220 755 2252 eundem
782 2220 827 2250 cf.
850 2221 955 2250 eiiam
976 2220 1018 2250 de
1035 2220 1115 2249 aem·
1139 2219 1331 2257 vocabulo,
1357 2219 1445 2258 quod
1462 2219 1581 2249 statim

295 2268 472 2307 sequitur,
488 2274 566 2306 pag.
587 2267 661 2297 139.
683 2266 928 2296 disserentem.
954 2264 1028 2295 Nec
1045 2271 1132 2294 vero
1151 2271 1215 2302 pro
1238 2263 1396 2303 genitivo
1414 2262 1479 2293 dici
1495 2263 1580 2294 lice—

295 2312 355 2342 bat
378 2319 424 2342 eae
448 2313 649 2342 recentiore
674 2311 804 2340 aetate·
854 2309 984 2346 Quodsi
1010 2309 1104 2339 forte
1131 2310 1248 2339 vitare
1274 2308 1580 2347 VVytlenbachius

296 2357 471 2394 duplicem
503 2357 697 2397 genitivum
737 2354 914 2389 studebat,
951 2354 1058 2385 fa-cile
1089 2361 1178 2385 sane
1210 2356 1367 2393 poterat:
1408 2353 1582 2385 bonorum

298 2401 497 2442 librorum,
523 2402 583 2442 qui
608 2400 810 2431 recentiore
835 2400 954 2430 aetate
979 2396 1197 2437 (memoria)
1225 2399 1359 2439 scripti
1386 2399 1522 2435 essent,·
1548 2400 1583 2429 et

296 2447 381 2477 vide
403 2447 517 2485 ipsum
542 2454 619 2485 pag.
656 2454 709 2485 sq.
738 2453 789 2473 vs.
816 2443 868 2474 14.

162 2491 310 2524 15.-7.
336 2492 406 2522 nisi
429 2489 530 2530 forte
555 2490 740 2522 naturali-s·
764 2498 807 2520 ea
831 2490 889 2519 sit.
937 2488 1034 2525 Opus
1060 2489 1093 2518 in
1120 2489 1184 2518 liac
1209 2487 1362 2519 formula
1383 2488 1582 2519 indicativo

298 2539 393 2573 erat,
419 2536 462 2567 de
486 2544 552 2575 quo
578 2536 673 2574 pleni
696 2534 777 2565 libri
800 2537 881 2564 sunt
901 2533 1152 2572 disputantium
1179 2535 1504 2573 grammaticorum.

165 2581 318 2612 1S.—¹7.
342 2582 412 2612 nisi
442 2581 695 2621 probandum,
727 2580 845 2610 tamen
870 2577 1074 2617 ferendum.
1134 2578 1214 2608 Dici
1241 2579 1301 2608 vix
1332 2580 1452 2618 potest
1482 2585 1582 2618 quam

299 2634 405 2665 saepe
430 2629 464 2656 in
490 2626 618 2657 talibus
643 2628 826 2664 peccetur;
854 2624 898 2654 cf.
928 2632 1006 2654 mox
1031 2632 1086 2653 vs.
1104 2622 1157 2653 15.
1184 2625 1221 2654 it.
1241 2621 1302 2662 30,
1330 2625 1362 2655 5.
1414 2623 1584 2654 Scriben-

302 2670 385 2702 dum·
411 2673 504 2709 erat,
541 2672 571 2701 si
596 2678 666 2700 non
695 2670 747 2709 (lsi
772 2667 911 2703 minus)
937 2667 1189 2709 probandum,
1215 2669 1335 2700 tamen
1363 2667 1444 2709 (at,
1469 2668 1584 2709 certe,

300 2717 345 2747 at
363 2715 484 2753 certe)
510 2715 701 2757 ferendum
726 2714 786 2745 vel
809 2714 851 2745 at
875 2713 1066 2754 serendum
1091 2714 1222 2745 tamen.

171 2778 208 2787 -
224 2778 270 2785 —
285 2759 340 2795 13.
365 2760 654 2795 duumvirorum.
700 2760 806 2794 lmmo
840 2758 1093 2797 duumvirum5
1123 2757 1186 2792 sed
1210 2757 1281 2791 vid.
1306 2758 1349 2793 ad
1371 2765 1452 2800 pag.
1463 2755 1524 2799 14,
1546 2755 1581 2791 5.
