1816 3233
818 177 875 187 -
934 157 1015 200 1⁹70
1071 179 1128 188 —

270 227 516 264 Pag.ed.priuc.

271 270 366 302 4.vs.
384 272 415 302 1.
449 274 485 303 et
508 270 607 310 (me)
642 269 691 300 ml
721 269 927 303 Rulmkenii
958 273 1097 304 luctum
1128 273 1332 303 renovavit.
1379 273 1456 304 Non
1483 273 1589 304 facile
1613 273 1682 304 dici

406 317 583 356 aliquem,
622 315 685 345 sed
715 316 831 353 potius
865 317 1021 348 alicuius
1049 318 1200 348 mentem
1230 318 1434 348 animumve
1463 318 1513 349 cul
1543 319 1681 349 luctum

405 368 602 400 renovare,
636 360 817 391 contendit
848 362 1125 402 Lindemannus,
1162 361 1272 392 allato
1305 361 1384 392 loco
1417 362 1606 394 Ciceronis
1638 363 1680 394 de

407 404 503 435 Orat.
525 403 576 440 ll,
600 403 655 435 48.
693 405 748 435 ubi
778 406 911 446 legitur
940 408 1079 437 animos
1101 407 1258 447 equitum
1284 405 1385 436 Rom.
1409 407 1458 437 arl
1483 407 1523 445 Q.
1550 407 1681 448 Caepi-

405 450 482 479 onis
504 449 624 479 odium
648 458 838 482 renovare.
865 451 936 488 [Cf.
962 452 1003 481 ad
1032 460 1109 482 eum
1135 451 1249 481 locum
1275 451 1444 488 Ellendt]
1490 452 1587 488 Quae
1611 454 1681 485 etsi

404 495 500 523 iusta
523 493 695 524 habeatur
720 497 967 533 reprehensio.v
1002 496 1043 526 de
1076 504 1143 536 quo
1169 503 1233 525 nos
1266 495 1401 533 quidem
1427 496 1579 526 nondum
1604 500 1681 528 sta-

405 540 506 570 tuere
529 540 715 574 audemus,
751 544 852 571 certe
885 549 954 572 non
978 541 1071 572 cadit
1096 543 1130 571 in
1157 541 1243 571 baec
1266 541 1533 578 wyttenbachii
1559 540 1680 580 verba,

405 583 463 614 ubi
487 585 604 615 rarior
635 583 742 615 dictio
767 587 802 616 et
827 586 926 624 (me)
951 586 1000 617 cul
1024 587 1161 617 luctum
1191 587 1385 616 renovavit
1415 587 1682 627 excusationem

405 628 509 659 habet
532 633 678 669 propter
702 630 973 667 praecedentem
999 631 1277 670 frequentiorem
1302 631 1337 661 et
1353 639 1421 662 sua
1445 639 1499 661 me
1521 639 1681 669 {snper-

402 674 513 704 culit:
540 682 621 705 nam
644 676 726 714 quin
751 684 859 706 casus
878 676 1035 716 aliquem
1058 675 1257 715 percellere
1278 678 1377 706 recte
1401 675 1556 711 dicatur,
1578 682 1682 706 nemo

404 717 551 750 dubitat.
599 718 672 750 Iam
699 726 786 750 vero
811 721 846 749 in
873 720 935 750 tali
966 722 1139 750 orationis
1162 723 1344 751 structura
1374 727 1484 758 saepe
1515 720 1610 760 fieri,
1647 723 1684 751 ut:

403 763 446 794 de
470 764 605 794 duobus
630 763 792 795 diversae
815 766 1046 803 proprietatis
1070 772 1113 796 ac
1138 766 1328 803 potestatis
1344 765 1464 795 verbis
1489 772 1566 796 oum
1591 765 1683 798 alte-

403 816 445 839 ro
472 810 583 849 magis
608 817 708 848 quam
734 817 810 840 cum
836 810 951 840 altero
978 811 1169 842 conveniat
1193 817 1344 849 sequens
1369 816 1517 846 nomen,
1543 812 1685 841 constat

403 855 496 885 inter
521 861 643 884 omnes
669 856 723 892 qui
755 856 790 884 in
815 857 957 894 optimis
982 859 1141 886 veterum
1174 856 1316 893 scriptis
1341 862 1411 885 non
1436 855 1539 893 plane
1563 854 1682 894 hospi-

404 903 459 928 tes
476 903 569 930 sunt.
603 899 842 930 BERGMAN.
871 917 906 922 -—
933 899 1011 930 Non
1038 908 1196 939 repugno
1224 900 1404 939 equidem3
1437 902 1682 931 verumtamen

403 945 517 983 magis
542 944 717 983 placeret,
749 946 781 974 si
803 947 854 975 sic
867 946 1073 984 scripsisset
1087 945 1401 983 wyttenbachius:
1427 946 1464 975 et
1484 953 1552 975 sua
1573 953 1682 985 yrav.

404 989 706 1020 ‘vehementissime
727 990 887 1028 perculit
920 991 1080 1020 (mitreum
1110 997 1223 1020 meum
1249 990 1285 1019 et
1315 989 1364 1019 ad
1390 988 1433 1019 R.
1458 989 1595 1021 luctum
1620 998 1684 1020 re-

402 1034 564 1064 novavit.
611 1033 696 1063 Nam
722 1033 810 1072 quod
836 1035 952 1064 statim
979 1035 1138 1073 sequitur
1162 1042 1208 1064 ατ
1233 1034 1354 1064 [azimo
1378 1035 1554 1073 excussit,
1579 1035 1615 1064 in
1639 1035 1684 1064 iis

399 1078 509 1109 facile
533 1079 634 1108 vitari
660 1079 814 1109 eiusdem
839 1080 1002 1118 repetitio
1026 1077 1191 1109 vocabuli
1217 1081 1369 1117 poterat.

269 1138 306 1146 -
323 1141 364 1146 —
379 1124 412 1154 8.
439 1123 664 1154 cuicuimodi.
691 1122 746 1154 Cf.
766 1123 929 1155 Orell.ad
942 1123 1014 1155 Cic.
1034 1131 1099 1164 pro
1111 1122 1209 1154 Cael.
1231 1123 1262 1161 S.
1276 1123 1334 1154 24.
1361 1122 1415 1154 ed.
1432 1125 1513 1154 min.
1533 1131 1612 1165 pag.
1624 1123 1681 1156 24.

265 1180 296 1211 5.
316 1197 351 1202 —
378 1179 410 1210 7.
435 1180 652 1218 arqumento
673 1180 873 1220 praesenti.
926 1179 1034 1210 Immo
1064 1179 1145 1210 huic.-
1169 1187 1312 1219 arqum.
1340 1179 1399 1210 vel
1423 1187 1567 1218 arqum.
1590 1188 1684 1220 pro-

401 1225 537 1265 posito,
570 1226 745 1265 suscepto.
808 1224 906 1262 Quod
940 1232 1022 1254 mox
1056 1232 1107 1254 VS.
1128 1226 1161 1255 9.
1195 1224 1345 1264 legimus
1377 1224 1520 1255 adverb.
1553 1224 1682 1267 debite,
1714 1231 1723 1234 “

402 1278 469 1309 quo
494 1272 639 1301 veteres
664 1272 717 1300 usi
741 1276 820 1300 esse
845 1277 913 1300 non
941 1269 1122 1308 videntur,
1161 1269 1205 1300 ab
1229 1269 1396 1310 analogia
1419 1269 1575 1301 defendit
1598 1270 1684 1301 Liu-

401 1315 594 1346 (lemannus
618 1315 790 1354 probante
814 1316 1027 1355 Bergmano.

265 1359 354 1391 ¹7.—
377 1358 432 1392 21.
459 1369 572 1401 neque
602 1362 694 1391 enim
726 1361 761 1391 in
795 1368 834 1391 eo
858 1361 939 1400 quis·
970 1368 1112 1399 ‚qenere-
1161 1360 1230 1390 Vix
1254 1359 1411 1396 dubites,
1445 1360 1527 1399 quin
1551 1359 1684 1391 rectius

401 1405 770 1446 accommodatiusque
794 1412 894 1444 quam
914 1406 994 1445 quis
1013 1405 1119 1435 fuerit
1134 1406 1333 1445 quisquam.
1367 1404 1421 1436 Cf.
1438 1404 1533 1435 infra
1557 1403 1610 1443 80,
1628 1404 1683 1436 14.

265 1451 298 1482 S.
313 1468 355 1473 —
381 1450 435 1482 1s.
461 1451 669 1482 multesimo.
719 1451 969 1481 Lucretianum
995 1457 1088 1481 esse.
1114 1457 1156 1479 ex
1172 1450 1212 1479 L.
1230 1449 1295 1487 VI,
1320 1450 1415 1485 651.,
1435 1450 1503 1480 iam
1527 1457 1547 1480 a
1566 1449 1684 1481 Nonio

404 1496 772 1536 pag-136.enotatum,
784 1496 919 1526 monuit
933 1494 1209 1525 Lindemannus.
1226 1494 1478 1533 Significatvel
1495 1495 1685 1533 minimam,

404 1548 491 1580 quae
517 1542 735 1580 cogitatione
759 1540 843 1578 fingi
869 1542 999 1579 possit,
1026 1541 1182 1578 partem,
1208 1538 1299 1570 idem
1324 1539 1414 1579 quod
1432 1539 1527 1570 infra
1541 1539 1684 1580 [pag.9.

403 1594 454 1616 vs.
471 1586 525 1623 5.]
556 1586 610 1616 rel
637 1585 856 1616 levissimum
882 1586 1096 1616 momentum
1121 1585 1263 1615 dicitur.
1314 1583 1546 1616 BERGMAN.

268 1630 434 1662 —-19.
466 1631 592 1671 prouti
631 1631 665 1661 ιἰι
708 1630 804 1661 libra
832 1645 868 1650 —-
896 1630 961 1661 Sic
992 1630 1153 1669 inqenia.
1214 1629 1444 1661 Lindemanni
1478 1629 1686 1669 admonitio,

400 1676 515 1717 prout
545 1683 716 1715 nunquam
748 1675 952 1716 significare
986 1676 1028 1706 ut
1049 1675 1103 1705 vel
1135 1676 1247 1714 sieut,
1282 1675 1365 1706 licet
1398 1682 1487 1706 vera
1519 1677 1584 1713 sit,
1620 1682 1686 1714 op-

402 1725 555 1758 portuna
579 1725 679 1752 certe
704 1728 773 1751 non
799 1723 872 1759 est,
898 1727 963 1750 nec
987 1720 1030 1750 ad
1056 1720 1087 1749 ll.
1115 1719 1137 1749 Ι.
1162 1720 1436 1751 accommodata.
1486 1720 1563 1751 Non
1587 1721 1687 1750 sirni-

401 1764 581 1795 titudinem
609 1769 759 1803 tantum,
783 1765 846 1795 sed
868 1765 1029 1795 similiter
1048 1768 1290 1802 comparatam
1309 1765 1527 1796 dissimilium
1553 1773 1684 1803 rerum,

400 1810 513 1841 librae
547 1814 583 1840 et
614 1812 762 1850 ingenii,
798 1811 970 1840 rationem
1005 1809 1192 1839 declarare
1228 1809 1339 1840 voluit
1372 1809 1684 1847 wyttenbachius.

400 1855 535 1885 Sensus
560 1858 630 1885 est:
669 1855 718 1886 ad
741 1863 819 1886 eam
843 1855 1021 1885 rationem
1054 1862 1127 1893 qua.
1158 1854 1193 1884 in
1225 1854 1321 1885 libra
1344 1858 1412 1885 cet.
1444 1871 1481 1877 -
1507 1862 1581 1885 non
1605 1850 1686 1885 alid

401 1901 548 1938 inueni«
573 1904 640 1930 cet.
673 1907 740 1930 nec
763 1899 912 1937 simplex
936 1899 979 1929 ut
1002 1899 1172 1937 postulat.
1205 1898 1266 1928 sed
1300 1898 1408 1929 multo
1439 1901 1554 1939 magis
1579 1906 1682 1930 com-

401 1945 555 1983 positum
586 1946 722 1986 prout,
756 1944 845 1983 quod
880 1944 934 1973 sic
966 1946 1136 1981 sequente
1172 1944 1224 1974 ita
1257 1943 1388 1982 legitur
1419 1944 1509 1984 apud
1533 1944 1684 1975 Plinium

402 1990 494 2019 Hist.
520 1989 599 2020 Nat.
618 1990 661 2025 V,
686 1990 716 2024 9.
745 1993 779 2019 et
805 1987 978 2021 XXVIII,
1014 1988 1046 2018 2.
1074 1988 1163 2018 locis
1189 1988 1248 2018 vel
1274 1996 1295 2018 a
1319 1988 1500 2020 schellero
1532 1988 1686 2019 laudatis

401 2035 436 2064 in
465 2033 551 2065 Lex.
575 2041 665 2064 voce
688 2035 810 2073 prout.
860 2034 952 2063 Idem
978 2033 1072 2064 valet
1097 2033 1139 2063 de
1164 2033 1298 2063 duobus
1322 2034 1403 2064 aliis
1429 2034 1539 2071 locis,
1563 2036 1647 2064 item
1664 2042 1686 2065 a

401 2087 554 2110 censore
582 2080 726 2110 notatis,
752 2078 844 2109 infra
862 2086 940 2117 pag.
959 2080 1013 2108 55.
1032 2082 1065 2108 et
1090 2077 1167 2107 233.
1195 2078 1273 2115 [ubi
1294 2079 1363 2109 vid.
1380 2078 1482 2116 adm]
1514 2079 1684 2110 BERGM.

276 2126 308 2155 9.
334 2123 436 2155 -11,
463 2125 709 2155 entlmsiusmc‘.
757 2123 952 2154 Cf.Krebs.
980 2122 1165 2153 Antibarb.
1190 2123 1361 2163 pag.322.

265 2169 319 2202 11.
335 2171 418 2200 -5,
444 2171 486 2200 ut
508 2177 589 2200 cum
616 2168 729 2200 Poeta
753 2168 898 2207 loquar.
925 2167 957 2198 id
982 2171 1052 2205 est,
1090 2168 1131 2198 ut
1163 2169 1254 2207 ipsis
1283 2169 1412 2208 poetae
1436 2168 1552 2200 verbis
1575 2169 1686 2205 utar‚·

401 2217 429 2245 si
456 2214 591 2253 quidem
618 2213 852 2245 Callimacbei
883 2213 971 2246 loci.
1004 2214 1038 2243 in
1069 2215 1298 2244 annotatione
1330 2214 1490 2244 subiecta
1521 2215 1683 2253 appositi,

402 2261 612 2290 sententiam
647 2261 696 2289 ita
735 2260 913 2298 expressit
944 2257 1150 2298 wytteub„
1190 2260 1227 2288 ut
1265 2258 1424 2289 dictionis
1462 2258 1615 2297 habitum
1649 2262 1685 2289 et

400 2306 548 2335 formam
574 2304 678 2334 simul
704 2306 904 2343 spectaret:
940 2312 1008 2342 quo
1041 2309 1149 2333 sensu
1175 2306 1274 2333 recte
1306 2303 1433 2334 dicitur
1456 2311 1537 2334 cum
1561 2303 1685 2343 aliquo

401 2350 510 2390 loqui.
559 2349 688 2379 similis
713 2351 769 2379 est
794 2351 886 2379 ratio
911 2349 1060 2380 alterius
1087 2348 1154 2378 loci
1179 2357 1209 2387 p.
1224 2347 1288 2387 304
1311 2349 1368 2379 ubi
1392 2349 1432 2379 ut
1455 2356 1537 2379 cum
1564 2347 1685 2379 Tullio

401 2395 513 2434 inquit
537 2394 687 2434 loquar,
712 2394 898 2433 adscriptis
922 2394 1008 2432 ipsis
1030 2393 1215 2424 Ciceronis
1243 2394 1371 2424 verbis.
1418 2393 1493 2424 Nec
1516 2393 1684 2424 abhorret

402 2438 489 2469 illud
524 2439 614 2478 apud
656 2438 805 2469 Gellium
841 2447 922 2469 cum
951 2438 1120 2469 Euandri
1160 2439 1279 2469 matre
1316 2439 1432 2479 loqui,
1468 2437 1513 2468 de
1547 2438 1592 2467 iis
1624 2439 1683 2477 qui

402 2484 576 2515 obsoletis
624 2483 877 2514 vocabulorum
925 2483 1185 2522 dictionumque
1234 2484 1358 2514 formis
1405 2483 1683 2514 delectabantur.

402 2529 637 2560 BERGMAN.
666 2545 702 2549 -
730 2528 809 2563 Yid.
834 2528 964 2559 Krebs.
990 2529 1011 2558 Ι.
1039 2528 1059 2557 Ι.
1089 2527 1263 2567 pag.264.

267 2573 322 2605 12.
339 2590 375 2596 -
391 2573 424 2604 2.
449 2574 630 2605 censebat.
668 2573 853 2605 Ciceronis
870 2574 929 2613 qui
951 2575 1107 2612 sequitur
1131 2573 1442 2611 consuetudinem,
1466 2572 1553 2603 haud
1579 2572 1685 2604 facile

401 2618 508 2649 alium
543 2619 680 2650 modum
712 2627 815 2658 quam
846 2619 1112 2650 coniunctivum
1149 2618 1308 2656 posuerit
1348 2620 1427 2657 post
1460 2618 1593 2658 quippe
1623 2618 1683 2658 qui

401 2663 576 2703 particull.
633 2663 672 2694 ln
698 2665 776 2695 loco
808 2667 898 2695 orat.
925 2671 988 2703 pro
1021 2663 1154 2693 Milone
1178 2662 1210 2699 S.
1228 2661 1286 2692 47.
1313 2664 1430 2701 utique
1461 2660 1684 2693 scribendum

401 2711 457 2740 est
480 2709 550 2739 sic:
591 2709 745 2750 (μάμμη
778 2710 809 2740 εὶ
832 2709 894 2740 ille
925 2708 1048 2740 obvius
1078 2708 1109 2738 εὶ
1131 2707 1282 2747 futurus
1315 2708 1458 2739 omnino
1490 2715 1563 2738 uon
1586 2706 1682 2739 erat.

401 2753 499 2793 Quae
522 2752 688 2793 leguntur
713 2754 756 2785 de
780 2754 861 2785 Nat.
878 2753 954 2786 DD.
972 2752 1001 2794 Ι,
1024 2752 1078 2785 11.
1097 2754 1207 2793 extr„
1232 2753 1268 2784 in
1292 2753 1337 2784 iis
1362 2760 1433 2785 non
1458 2751 1578 2785 dubito
1601 2753 1684 2793 quin
