1816 3233
303 328 428 360 tamen
478 322 562 367 ipse
600 318 881 364 ineptissimum
920 320 1176 352 commentum
1214 316 1269 351 ita
1306 310 1457 363 tuetur,
1503 321 1544 351 ut
1593 316 1712 366 dicat,

302 379 528 425 Lonyinum
558 377 614 410 ila
643 374 850 420 scripsisse
877 383 953 419 pro
987 373 1113 408 lubitu
1143 376 1180 407 ec
1207 376 1327 418 yustu
1355 382 1440 410 suo.
1499 372 1710 408 Plurimum

302 445 396 469 sane
428 432 532 467 valet
573 439 658 465 cum
697 429 746 464 ad
776 429 1050 479 iudicandum,
1087 431 1168 462 tum
1205 427 1253 461 ad
1290 428 1592 477 emendandum,
1628 430 1713 463 sre—

303 491 442 533 quente
471 486 640 522 lectione
670 486 883 530 Scriptoris
924 495 1010 519 cum
1051 493 1097 518 eo
1129 483 1433 518 familiaritatem
1471 484 1714 523 contrahere,

302 543 464 587 eiusque
494 541 649 576 dicendi
680 541 958 588 cogitandique
988 541 1113 575 forma
1150 542 1188 574 et
1218 539 1331 584 quasi
1370 548 1465 573 sono
1495 538 1608 573 tritas
1638 549 1713 573 au-
1756 556 1760 558 v

302 608 365 633 res
395 600 434 632 et
463 607 620 632 sensum
663 596 917 632 exercitatum
949 595 1124 640 adferre3
1164 598 1207 629 ut
1237 590 1383 639 quovis‘
1416 594 1502 629 loco
1534 594 1716 629 memoria

304 653 422 688 menti
452 653 582 688 statim
615 651 828 703 subiiciat9
869 651 958 696 quid
1001 651 1213 695 Scriptoris
1244 650 1486 685 consuetudo
1524 654 1565 684 et
1593 649 1716 694 inge-

303 709 407 744 nium
448 708 638 753 postulet,
682 707 773 752 quid
820 710 991 751 respuat.
1066 707 1176 740 Hanc
1214 706 1439 741 facultatem
1485 706 1540 740 ita
1592 704 1718 739 tenuit

303 764 586 813 Ruhnkenius‚
634 764 689 797 ita
737 761 950 808 scriptoris
999 761 1189 806 cuiusque
1239 762 1398 806 formam
1450 760 1717 805 rationemque

303 820 431 854 animo
470 822 692 864 perceptam
721 818 1027 863 impressamque
1057 817 1216 861 habuit3
1256 819 1298 852 ut
1335 826 1411 852 non
1440 816 1551 852 modo
1582 815 1718 861 spuria

303 874 467 920 quaevis
513 874 633 919 primo
673 874 809 910 obtutu
848 872 1196 919 animadverteret,
1237 873 1307 907 sed
1342 871 1491 918 multis,
1510 871 1716 907 multorum

303 930 543 976 Scriptorum
584 929 682 964 locis
719 929 806 964 sine
842 929 994 964 illorum
1026 928 1177 964 nomine
1207 927 1393 973 deinceps
1424 927 1589 975 positis,
1627 927 1718 962 vel-

304 985 362 1021 uti
399 986 439 1020 in
479 986 673 1037 Stobae07
717 985 879 1020 sentiret
919 985 1101 1020 continuo
1141 984 1254 1019 cuius
1303 984 1515 1029 scriptoris
1554 983 1720 1028 quisque

207 1035 414 1077 221100us
455 1044 587 1076 esset:
618 1044 682 1086 et,
726 1040 763 1075 in
809 1040 1076 1089 Anthologia‚
1129 1040 1401 1085 Epigramma,
1450 1038 1719 1083 quodcumque

304 1096 476 1131 auctoris
508 1096 660 1131 nomine
699 1096 841 1131 omisso
873 1098 1071 1141 exstaret,
1117 1094 1239 1130 semel
1271 1104 1315 1128 eo
1357 1094 1458 1129 lecto
1488 1093 1620 1129 statim
1650 1094 1718 1129 in·—
1749 1102 1756 1104 ‘⁷

302 1152 500 1198 telligeret
529 1162 604 1187 non
634 1151 758 1187 solum
787 1161 863 1197 qua
893 1161 941 1187 ex
971 1154 1120 1197 aetate,
1151 1150 1331 1195 antiqua,
1361 1149 1510 1196 media,
1550 1160 1598 1185 an
1643 1159 1718 1195 po-

302 1212 459 1252 strema‚
489 1208 558 1243 sed
590 1207 689 1253 quod
712 1208 832 1254 longe
862 1207 1002 1253 maius,
1029 1207 1140 1256 cuius
1162 1207 1305 1242 Poetae
1335 1209 1454 1252 esset,
1484 1216 1533 1241 ex
1554 1215 1599 1241 eo
1619 1206 1719 1241 adeo

303 1273 451 1311 genere
497 1264 719 1310 Poetarum,
765 1273 926 1309 quorum
976 1272 1049 1298 non
1101 1263 1175 1297 nisi
1225 1262 1461 1307 paucissima
1508 1265 1721 1307 supersunt

303 1319 617 1366 Epigrammata3
663 1329 822 1364 quorum
865 1319 1025 1364 proinde
1055 1318 1155 1364 quod
1190 1319 1381 1363 cuiusque
1411 1317 1482 1363 sit,
1522 1317 1718 1354 difficilli-

304 1385 404 1411 mum
453 1378 514 1410 est
558 1375 747 1411 iudicare.
825 1373 905 1410 Sed
962 1374 1273 1411 emendationum
1322 1374 1587 1421 coniecturas,
1642 1373 1719 1409 nisi

304 1434 442 1476 sponte
473 1435 511 1466 et
548 1431 700 1480 subito,
738 1431 846 1466 facili
885 1435 994 1466 certe
1035 1434 1172 1476 partu,
1216 1434 1345 1474 natas,
1395 1440 1468 1465 non
1514 1430 1719 1475 probabat:

305 1497 404 1532 quae
440 1486 674 1522 coniectoris
712 1486 990 1533 cogitationem
1028 1487 1089 1521 diu
1130 1486 1425 1531 exercuissent,
1469 1485 1540 1520 has
1569 1487 1720 1522 vultum

304 1543 465 1578 nitemc‘s
496 1542 637 1578 habere
667 1542 818 1577 aiebat:
849 1543 952 1587 quod
981 1542 1193 1578 Suetonius
1224 1541 1322 1576 dixit
1341 1541 1389 1575 de
1410 1537 1719 1588 Vespasiano.*)

304 1597 428 1633 Unam
460 1598 677 1644 fatebatur,
711 1608 758 1633 ex
789 1599 967 1640 omnibus
999 1599 1082 1634 suis
1113 1597 1469 1643 emendationibus,
1500 1608 1595 1642 quas
1626 1596 1720 1642 qui-

305 1652 390 1688 dem
424 1653 552 1689 adhuc
592 1657 747 1700 putaret
778 1658 906 1689 certas
945 1664 1053 1697 esse,
1095 1655 1213 1689 multo
1249 1653 1326 1688 sibi
1366 1656 1537 1698 tempore
1566 1654 1720 1689 consti-

305 1708 422 1754 tisse,
453 1709 600 1744 Velleii
631 1710 826 1745 Paterculi
857 1712 909 1757 (Ι,
936 1709 1049 1762 18.)7
1081 1710 1269 1755 proditam
1300 1709 1338 1744 in
1370 1709 1545 1744 Historia
1574 1708 1722 1746 Critica

306 1762 509 1799 Oratorum
552 1765 787 1800 Graecorum
830 1776 865 1810 p.
895 1765 987 1809 37„
1031 1776 1107 1810 qua
1149 1766 1333 1800 mendosa
1372 1765 1581 1811 scriptura,
1627 1764 1719 1801 Una

306 1820 400 1855 urbs
428 1819 563 1855 Attica
589 1821 775 1866 pluribus
805 1822 922 1855 armis
941 1821 1202 1870 eloquentiae,
1231 1831 1351 1866 quam
1369 1821 1558 1856 universa
1585 1820 1719 1857 Grae-

303 1876 365 1910 cia
398 1877 660 1922 operibusque
687 1875 844 1922 floruit,
886 1876 940 1910 ita
971 1876 1196 1924 corrigitur,
1227 1880 1268 1911 ut
1299 1876 1468 1923 legatur,
1504 1875 1595 1912 Una
1624 1876 1719 1911 urbs

303 1930 435 1966 Attica
463 1932 647 1976 pluribus
688 1941 813 1966 sanae
842 1932 1109 1980 eloquentiae,
1147 1942 1266 1978 quam
1305 1934 1492 1967 universa
1535 1932 1720 1974 Graecia,

300 1987 484 2032 operibus
531 1984 720 2033 effloruit.
796 1987 899 2022 Mihi
951 1987 1181 2033 aliquando,
1224 1987 1443 2033 complures
1487 1987 1604 2023 unius
1642 1987 1720 2023 loci

303 2042 594 2078 emendationes
626 2043 710 2079 eius
741 2042 887 2078 iudicio
914 2043 1151 2089 subiicienti,
1181 2043 1410 2089 adscripsit,
1442 2043 1565 2078 Sardi
1594 2053 1720 2079 rena-

300 2099 371 2146 Ies,
402 2099 505 2134 alius
535 2100 615 2135 allo
646 2095 906 2146 ncqm'or:**)
942 2108 1076 2134 verum
1107 2109 1188 2135 uon
1219 2103 1274 2135 esc
1305 2101 1382 2135 nisi
1412 2101 1586 2135 unicum.
1635 2101 1719 2135 At-

297 2154 363 2199 qui
399 2154 485 2200 ipse
514 2155 833 2190 Hemsterhusius
865 2154 1008 2189 multas
1039 2155 1231 2191 eiusmodi
1256 2156 1500 2192 coniecturas
1533 2155 1718 2206 prodidit,
1758 2162 1764 2175 ¹

298 2213 342 2245 ut
373 2210 598 2246 disserendo
629 2211 777 2246 sensim
826 2210 872 2245 ad
914 2210 1186 2258 corrigendum
1218 2212 1404 2262 tendens5
1443 2211 1573 2256 plures
1604 2212 1718 2247 eius-

209 2261 380 2301 222dem
422 2266 498 2302 loci
544 2267 807 2304 correctiones
855 2276 1093 2313 proponens,
1124 2271 1161 2303 et
1191 2267 1230 2302 in
1262 2271 1463 2312 utramque
1494 2269 1640 2312 partem
1671 2267 1718 2303 de

299 2322 348 2357 iis
379 2321 604 2367 disputans,
636 2322 823 2358 iudicium
857 2323 1019 2358 lecturis
1048 2323 1296 2368 relinqueret.
1354 2324 1410 2359 At
1441 2322 1716 2369 Ruhnkenius‚

301 2381 342 2412 ut
373 2379 708 2414 Hemsterhusium
755 2379 926 2423 ratione,
972 2379 1189 2414 Bentleium
1230 2379 1410 2427 ingenio,
1448 2378 1609 2414 alterum
1651 2379 1715 2414 al-

297 2432 392 2477 teri,
435 2439 658 2479 praestare,
703 2438 738 2469 et
772 2439 978 2480 utrumque
1009 2438 1173 2480 utraque
1215 2435 1401 2470 facultate
1443 2434 1619 2470 omnibus
1651 2436 1715 2470 sui

297 2565 326 2598 ⁸)
352 2564 388 2594 ln
426 2566 510 2595 Vita
542 2567 753 2606 Vespasiani
784 2567 838 2597 20.
888 2567 1049 2598 Statura
1077 2565 1158 2605 suit
1179 2566 1386 2607 quadrata,
1420 2566 1617 2605 compactis
1647 2564 1717 2605 fi'r-

344 2608 482 2648 misque
506 2611 696 2646 memhris,
728 2611 833 2642 vultu
867 2612 981 2642 veluti
1011 2611 1175 2642 nitentis.
1237 2611 1337 2642 Unde
1368 2611 1516 2651 quidam
1550 2610 1716 2641 urbano-

342 2661 423 2683 rum
448 2661 519 2683 non
544 2655 725 2695 infacete,
756 2656 935 2695 siquidem
960 2656 1100 2695 petenti
1132 2656 1175 2686 ut
1199 2657 1236 2687 et
1265 2656 1304 2686 in
1328 2664 1365 2686 se
1389 2655 1530 2696 aliquid
1553 2655 1712 2686 diceret:

343 2697 480 2735 diram,
510 2699 650 2739 inquit,
683 2709 765 2731 cum
790 2700 956 2731 ventrem
982 2707 1190 2732 eoeonerare
1213 2700 1375 2731 desieris.

296 2740 340 2776 ··)
365 2740 439 2771 Cic.
467 2741 508 2771 ad
535 2743 630 2773 Fam.
670 2745 753 2776 vll.
778 2745 833 2774 24.
863 2745 934 2776 {ubi
966 2742 1194 2784 enimet-pp]
1227 2744 1280 2775 Cf.
1308 2744 1453 2776 Gronov
1502 2744 1545 2774 de
1580 2744 1709 2775 Pecun.

342 2789 463 2818 vetere
487 2793 516 2816 c.
544 2786 595 2817 10.
645 2788 925 2819 [JNDEMANN.
