1816 3233
647 220 952 264 -18’7—

88 297 170 331 Pag.
178 295 227 324 ed.
238 293 336 330 princ.

88 337 166 371 100.
170 346 226 369 νε.
235 337 289 369 16.
314 336 424 369 Recte
446 345 577 370 mones.
625 337 707 369 Vici.
733 339 776 369 ad
800 344 880 378 pag.
905 337 961 376 58,
985 337 1016 367 9.

88 382 166 416 101.
180 382 266 413 -1,
291 381 359 412 Αη.
405 383 484 414 Vid.
508 384 647 423 Zumpt.
674 383 736 414 Gr
763 385 836 414 iat.
864 383 896 419 S.
923 383 1000 412 353.
1028 381 1164 420 Krueg.
1191 379 1225 419 S.
1250 377 1330 410 516.

109 444 147 452 -—
176 429 264 459 -5.
288 427 383 468 quod
413 430 568 459 memini.
623 429 788 459 U·sitttius
822 428 1016 466 meliusque
1050 429 1106 456 est
1137 425 1231 466 quod
1263 421 1506 461 meminerim,

243 473 420 513 quantum
445 474 599 506 memini.
636 474 683 504 cf
708 474 843 513 Zumpt.
870 472 933 503 Gr.
992 471 1064 509 ..ἓ
1090 471 1172 500 559.
1207 470 1341 508 Krueg.
1367 467 1401 506 §-
1426 465 1506 498 614.

247 518 310 548 Est
334 519 441 548 etiam
467 518 525 548 ubi
549 518 649 558 legas
673 520 704 549 si
728 519 879 549 memini.

90 559 262 594 103.—5.
290 561 437 593 Creatio
462 563 597 593 natandi.
646 563 699 594 Cf.
726 563 852 594 Krehs.
879 562 902 594 Ι.
930 561 950 591 1.
979 568 1057 600 pag.
1082 560 1160 591 259.

109 625 144 629 —
174 623 212 629 —
235 606 290 639 11.
315 606 502 638 diluvium.
550 608 627 638 Hoc
652 609 776 639 vocab.
801 610 944 646 praeter
968 610 1092 644 poetas
1119 607 1261 636 utuntur
1275 603 1409 634 Plinius
1430 601 1507 643 (Ep.

247 650 340 689 vni,
367 650 420 682 17.
446 650 516 692 pr.)
548 656 583 683 et
614 654 748 684 Seneca
774 653 920 690 Quaest.
946 650 1024 681 Nat.
1052 650 1117 687 111,
1139 649 1194 680 27.
1220 655 1253 681 et
1277 649 1330 678 29.
1364 649 1421 678 ubi
1448 649 1509 677 ha-

248 697 351 728 betur
376 697 484 727 etiam
509 698 758 729 inzmdationis
784 705 860 728 voc.
887 697 975 736 quod
1002 697 1153 726 maxime
1179 695 1358 734 proprium
1383 694 1418 723 in
1444 693 1510 722 hac

193 747 198 758 ¹
245 749 288 773 re
313 741 453 772 videtur
476 742 602 773 fuisse.
651 744 774 775 Cicero
799 744 841 774 de
867 741 933 774 Off.
968 740 1017 778 ΙΙ,
1042 742 1082 778 5,
1108 740 1159 771 16,
1191 738 1388 770 eluvionem
1423 738 1511 768 dixit

248 784 352 817 etde
375 787 463 825 Rep.
487 787 558 825 Vi,
589 787 644 818 21.
680 789 860 820 eluviones
892 786 1169 827 eoeustionesque
1202 785 1402 816 terrarum.
1455 781 1510 813 Cf.

249 831 354 863 etiam
380 831 508 863 Krebs.
534 832 554 862 Ι.
580 832 602 862 l.
628 841 707 872 pag.
733 833 812 864 29-1.

107 903 143 909 —-
174 903 210 910 --
226 885 284 918 14.
307 886 457 927 prodita
481 888 568 918 sunt
590 889 628 919 in
652 888 754 919 libris
778 889 906 919 sacris.
955 886 1081 918 Melius
1109 885 1224 918 omitti
1244 885 1384 916 videtur
1408 890 1514 924 prae-

251 933 391 972 positio.
439 931 492 963 cf.
519 933 657 972 Zumpt.
682 933 723 964 ad
751 932 822 964 Cic.
850 933 955 963 Verr.
981 933 1040 963 lib.
1065 931 1093 973 Ι,
1120 931 1172 969 18,
1197 929 1252 960 47.

107 1004 145 1010 -
177 1005 213 1011 -
239 1004 275 1010 -
301 988 542 1028 inspiratione
565 989 702 1020 divina.
750 990 811 1020 Sic
845 996 915 1020 nou
948 989 1031 1019 licet
1063 987 1195 1018 dicere.
1244 985 1432 1016 Ciceronis
1457 986 1514 1015 est:

251 1033 426 1064 instinctu
451 1033 571 1064 divino
595 1034 802 1075 afflatuque
826 1033 869 1065 de
894 1033 973 1064 Dtv.
1001 1033 1026 1072 l,
1053 1032 1106 1063 18.
1134 1031 1193 1072 (cf.
1218 1030 1308 1062 infra
1334 1038 1412 1071 pag.
1427 1029 1514 1071 242,

249 1077 322 1119 21.)
346 1079 523 1109 instinctu
547 1078 747 1120 ‘inflatuque
770 1080 891 1110 (livino
915 1080 998 1110 ibid.
1024 1077 1052 1119 Ι,
1076 1078 1108 1108 6.

109 1150 146 1157 -
177 1149 214 1156 -·
232 1133 290 1165 21.
312 1134 504 1174 praeleyz't.
553 1134 722 1172 Quoniam
749 1134 852 1165 modo
877 1136 1019 1165 dixerat
1041 1133 1261 1173 recitamus,
1296 1131 1351 1162 hic
1375 1129 1514 1169 quidem

251 1179 403 1218 simplex
427 1178 515 1218 Ieyit
539 1181 738 1218 ponendum
764 1184 854 1210 erat.
885 1180 953 1210 vid.
980 1179 1022 1209 ad
1047 1186 1124 1217 pag.
1139 1178 1194 1216 96,
1221 1177 1273 1207 19.
1312 1176 1378 1206 sed
1411 1184 1515 1215 prae-

251 1227 352 1255 terea
376 1226 497 1255 nescio
523 1232 566 1254 au
592 1225 770 1265 qzuaeedctm
797 1226 854 1256 vel
880 1226 952 1256 tale
978 1223 1059 1264 quid
1084 1224 1164 1254 addi
1189 1223 1394 1262 oportuerit.

95 1278 222 1312 104.—
239 1280 271 1312 6.
293 1280 469 1320 puellum.
518 1278 670 1310 Puellus
693 1282 808 1319 prisca
832 1281 948 1310 forma
973 1278 1120 1309 affertur
1143 1285 1188 1308 ex
1214 1277 1344 1315 Ennio,
1365 1276 1514 1313 Lucilio,

253 1325 432 1364 Lucretio,
456 1324 591 1363 Plauto,
617 1326 791 1356 Varrone.
840 1325 893 1356 Cf.
918 1325 1063 1356 Festum
1099 1325 1132 1353 iu
1163 1324 1228 1353 hac
1260 1329 1350 1353 vooe
1382 1326 1418 1353 et
1441 1321 1515 1351 No-

252 1371 348 1402 nium
373 1379 404 1409 p.
432 1368 507 1400 158.
545 1369 829 1401 LINDEMANN.
878 1370 995 1408 Quare
1027 1369 1120 1400 malo
1144 1368 1350 1409 puerulum.
1388 1368 1430 1398 cf.
1459 1370 1514 1398 ta-

252 1423 332 1447 men
356 1415 486 1446 Krebs.
510 1415 532 1446 1.
559 1415 580 1445 Ι.
607 1424 684 1455 pag.
709 1416 786 1446 653.

113 1478 150 1484 -
180 1478 218 1484 -
238 1462 294 1492 13.
318 1460 489 1492 veridica.
548 1462 608 1491 Sic
648 1465 747 1492 recte
781 1463 928 1492 vocatur
958 1467 1088 1492 veram.
1145 1458 1277 1490 Contra
1311 1458 1517 1500 veriloquus

254 1506 446 1537 deterioris
471 1505 672 1537 Latinitatis
698 1509 764 1537 est.

113 1569 148 1575 -
180 1569 214 1575 -
234 1552 292 1583 15.
318 1553 394 1583 tam
424 1551 538 1592 facile
561 1568 605 1573 —
629 1560 674 1582 ac
697 1552 909 1591 mayisirae.
959 1551 1067 1582 Immo
1102 1552 1176 1582 iam
1207 1548 1318 1591 facile
1342 1565 1384 1570 —
1409 1555 1517 1590 quum

254 1597 466 1637 mamistrae.

112 1658 151 1665 -
179 1656 218 1663 —-
236 1641 294 1673 21.
319 1650 369 1673 tm
391 1641 478 1673 item
502 1642 621 1673 nescis
631 1662 647 1683 ,
683 1650 733 1673 an
760 1640 924 1672 Historia
956 1639 1135 1672 discatur.
1182 1639 1291 1670 Immo
1322 1647 1406 1669 num
1440 1637 1517 1668 dis-

254 1688 366 1718 catur
391 1687 449 1717 vel
474 1687 694 1718 discat-terne.
732 1687 809 1718 Vid.
835 1686 973 1726 Zumpt.
990 1686 1022 1725 §-
1038 1683 1164 1724 353.>²²)
1188 1685 1366 1724 Rrueger.
1392 1683 1517 1723 5519.

256 1732 335 1762 adn.
359 1731 392 1761 2.

98 1775 220 1808 105.--
235 1775 269 1807 1.
291 1777 404 1817 factis
427 1775 620 1807 historicis.
668 1776 806 1807 Adiect.
841 1777 1035 1807 historicus
1068 1777 1121 1805 sic
1148 1782 1219 1805 uon
1253 1775 1379 1805 dicitur
1408 1782 1429 1805 a
1454 1781 1518 1803 ve-

256 1822 404 1853 teribus.
453 1822 532 1852 Vid.
560 1821 687 1852 Krebs.
719 1822 741 1852 1.
769 1822 792 1852 1.
825 1830 904 1861 pag.
930 1821 1007 1850 386.
1056 1819 1139 1850 Ideo
1172 1819 1393 1851 scribendum
1426 1822 1519 1856 erat,

258 1867 297 1898 in
329 1864 481 1906 (rebus)
511 1866 647 1907 s'actis,
685 1874 777 1907 quae
809 1867 852 1898 ab
885 1867 1122 1897 historiarum
1157 1864 1397 1905 scriptoribus
1435 1865 1520 1896 tru-

256 1912 408 1943 duntur.

63 1962 67 1964 '
117 1974 156 1981 —
185 1955 295 1988 -13.
321 1956 426 1996 probi
449 1964 497 1986 an
523 1956 733 1987 adulterini.
783 1955 881 1995 Apud
907 1955 979 1986 Cic.
1005 1955 1048 1985 de
1073 1953 1140 1985 Off.
1165 1953 1225 1992 111,
1249 1954 1304 1991 23,
1329 1953 1384 1984 91.
1409 1953 1520 1984 (ulul-

259 2002 368 2034 terini
404 2003 534 2031 nummi
565 2004 789 2040 opponuntur
828 2000 953 2041 honis,
989 2000 1074 2040 apud
1108 1999 1248 2029 satiust.
1281 1998 1356 2039 lug.
1392 1997 1453 2039 12,
1485 1998 1517 2028 3.

262 2055 370 2077 verae
393 2046 519 2076 claves
545 2047 774 2077 adulterinis.

118 2109 154 2115 —
187 2091 294 2122 —20.
319 2092 526 2122 nauclerus.
577 2091 684 2122 immo
710 2090 981 2130 navicularius,
1008 2093 1045 2120 ut
1073 2091 1220 2120 vocatur
1244 2097 1265 2120 a
1291 2086 1474 2118 Cicerone.

100 2137 224 2169 106.—
241 2137 274 2167 5.
300 2137 413 2166 totvm
438 2137 613 2176 (plantum
637 2137 766 2177 refert.
814 2136 888 2166 Hoc
919 2135 1070 2166 nondum
1102 2135 1173 2175 legi
1204 2132 1293 2173 apud
1327 2133 1430 2163 ullum
1458 2139 1522 2162 ve-

259 2185 369 2213 terem
395 2182 626 2219 scriptore1n;
653 2188 856 2221 quamquam
884 2181 1146 2218 improbandum
1165 2188 1245 2210 esse
1264 2186 1334 2209 non
1355 2178 1520 2208 arbitror.

261 2227 359 2264 Quae
383 2225 496 2256 adhuc
519 2230 662 2264 reperta
687 2230 767 2256 sunt
793 2227 827 2256 in
853 2227 994 2264 scriptis
1019 2229 1197 2260 veterum,
1223 2232 1265 2255 ea
1289 2224 1371 2254 licet
1394 2224 1520 2253 videre

260 2272 296 2302 in
323 2271 746 2302 VechneriHelienolex.
783 2268 1519 2309 1›12‹r.134.sq.181.etfleusingeriad

262 2324 342 2346 eum
373 2316 497 2347 librum
532 2316 702 2347 adnotatt.
753 2315 807 2346 Cf.
832 2315 1008 2352 Krueger.
1041 2315 1102 2346 Gr.
1138 2315 1176 2345 L.
1212 2316 1244 2352 S.
1270 2313 1346 2344 611.
1380 2314 1458 2344 adn.
1485 2315 1518 2344 5.

260 2362 312 2392 Ex
337 2361 486 2392 Graecis
509 2362 590 2392 iilud
617 2363 765 2392 maxime
791 2368 924 2412 memor
928 2361 1018 2391 abile
1043 2364 1118 2401 est,
1145 2360 1234 2400 quod
1261 2359 1346 2389 dixit
1375 2360 1519 2390 Aristo-

259 2408 394 2445 phanes
426 2405 728 2437 Ran.1135.21
734 2403 800 2440 ‘ive
832 2403 896 2448 yc'co
939 2403 1128 2446 ἡμάρτηκεν
1168 2416 1207 2436 οι
1210 2402 1327 2449 ηανιόν
1358 2401 1393 2443 γ’
1428 2400 1518 2435 ὅσοι.

261 2452 388 2482 statim
413 2452 505 2482 enim
531 2451 717 2482 aber-ravit
739 2451 891 2481 caeleste
914 2453 1101 2491 quantum.
1135 2451 1158 2481 i.
1185 2459 1216 2481 e.
1241 2454 1382 2491 tantum,
1408 2456 1518 2490 quan-

261 2501 332 2527 tum
357 2496 492 2527 caelum
517 2496 560 2526 ab
583 2501 683 2527 terra
706 2496 820 2527 distat

106 2541 227 2574 107.-
246 2541 299 2573 13.
325 2542 548 2572 inculcanda
573 2543 774 2572 memoriae.
824 2542 1048 2578 Quinctiliau.
1076 2540 1140 2578 ΣΙ,
1166 2540 1198 2581 4,
1222 2541 1255 2571 5.
1293 2539 1518 2571 Firmissima

210 2589 213 2591 “
263 2594 425 2628 quaeque
460 2588 652 2617 memoriae
685 2586 812 2617 iudicis
848 2586 1069 2617 inculcanda
1105 2588 1200 2617 sunt.
1260 2585 1357 2622 Quod
1394 2593 1450 2616 vs.
1485 2585 1517 2615 7.

262 2631 347 2662 dixit
378 2629 569 2662 Verissime
592 2640 740 2673 mones,
781 2632 813 2660 id
839 2640 945 2670 supra
970 2640 1037 2672 pag
1041 2630 1153 2670 .106,
1177 2630 1210 2662 1.
1234 2631 1359 2662 melius
1383 2631 1521 2662 dixerat

269 2676 459 2708 verissime
484 2676 690 2708 ais.ci'.:1d
719 2676 979 2716 pag1.00‚1ss.

106 2720 231 2755 108.-
248 2720 281 2753 4.
306 2729 516 2762 imperiique
540 2723 732 2760 inpertiam.
781 2722 839 2751 Sic
865 2724 990 2760 poetae
1013 2721 1132 2752 dicere
1164 2720 1314 2758 licebat;
1352 2722 1385 2751 in
1411 2728 1520 2759 prosa

266 2767 432 2797 oratione
457 2767 512 2797 ubi
538 2767 581 2798 de
606 2766 710 2798 rebus
735 2769 868 2806 agit-ur,
905 2767 1064 2797 naturae
1097 2765 1153 2796 vel
1182 2767 1423 2806 proprietatis
1455 2774 1519 2796 vo-

265 2811 341 2844 cab.
366 2816 576 2853 usurpatur:
602 2812 750 2853 ideoque
774 2820 893 2850 parum
917 2812 1079 2843 Latinum
1103 2815 1158 2843 est
1181 2811 1326 2854 linquae
1339 2833 1351 2853 9
1376 2811 1518 2844 oratio-
