<?xml version="1.0" encoding="UTF-8"?>
<!DOCTYPE html PUBLIC "-//W3C//DTD XHTML 1.0 Transitional//EN"
    "http://www.w3.org/TR/xhtml1/DTD/xhtml1-transitional.dtd">
<html xmlns="http://www.w3.org/1999/xhtml" xml:lang="en" lang="en">
 <head>
  <title>
</title>
<meta http-equiv="Content-Type" content="text/html;charset=utf-8" />
  <meta name='ocr-system' content='tesseract 3.04.00' />
  <meta name='ocr-capabilities' content='ocr_page ocr_carea ocr_par ocr_line ocrx_word'/>
</head>
<body>
  <div class='ocr_page' id='page_1' title='image "./vitadavidisruhnk00wyttuoft_0077.png"; bbox 0 0 1833 3237; ppageno 0'>
   <div class='ocr_carea' id='block_1_1' title="bbox 679 207 955 246">
    <p class='ocr_par' dir='ltr' id='par_1_1' title="bbox 679 207 955 246">
     <span class='ocr_line' id='line_1_1' title="bbox 679 207 955 246; baseline -0.004 -10"><span class='ocrx_word' id='word_1_1' title='bbox 679 207 955 246; x_wconf 60' lang='grc'>-69.-</span> 
     </span>
    </p>
   </div>
   <div class='ocr_carea' id='block_1_2' title="bbox 88 319 1620 2431">
    <p class='ocr_par' dir='ltr' id='par_1_2' title="bbox 105 319 1620 478">
     <span class='ocr_line' id='line_1_2' title="bbox 106 319 1620 367; baseline 0.003 -11"><span class='ocrx_word' id='word_1_2' title='bbox 106 321 174 357; x_wconf 84' lang='lat' dir='ltr'>illa</span> <span class='ocrx_word' id='word_1_3' title='bbox 202 321 331 356; x_wconf 83' lang='lat' dir='ltr'>aetate</span> <span class='ocrx_word' id='word_1_4' title='bbox 361 319 604 365; x_wconf 86' lang='lat' dir='ltr'>hominibus,</span> <span class='ocrx_word' id='word_1_5' title='bbox 634 320 735 355; x_wconf 90' lang='lat' dir='ltr'>idem</span> <span class='ocrx_word' id='word_1_6' title='bbox 763 323 801 355; x_wconf 85' lang='lat' dir='ltr'>et</span> <span class='ocrx_word' id='word_1_7' title='bbox 822 320 1048 367; x_wconf 79' lang='lat' dir='ltr'>Theologus</span> <span class='ocrx_word' id='word_1_8' title='bbox 1080 323 1117 355; x_wconf 87' lang='lat' dir='ltr'>et</span> <span class='ocrx_word' id='word_1_9' title='bbox 1139 322 1376 357; x_wconf 78' lang='lat' dir='ltr'>Graecarum</span> <span class='ocrx_word' id='word_1_10' title='bbox 1406 322 1521 358; x_wconf 78' lang='lat' dir='ltr'>Lite-</span> <span class='ocrx_word' id='word_1_11' title='bbox 1538 326 1620 363; x_wconf 82' lang='lat'>114</span> 
     </span>
     <span class='ocr_line' id='line_1_3' title="bbox 107 375 1521 423; baseline 0.001 -11"><span class='ocrx_word' id='word_1_12' title='bbox 107 387 237 412; x_wconf 86' lang='lat' dir='ltr'>rarum</span> <span class='ocrx_word' id='word_1_13' title='bbox 267 375 434 411; x_wconf 83' lang='lat' dir='ltr'>scientia</span> <span class='ocrx_word' id='word_1_14' title='bbox 463 375 616 420; x_wconf 84' lang='lat' dir='ltr'>clarus,</span> <span class='ocrx_word' id='word_1_15' title='bbox 645 375 714 410; x_wconf 86' lang='lat' dir='ltr'>scd</span> <span class='ocrx_word' id='word_1_16' title='bbox 745 376 903 411; x_wconf 89' lang='lat' dir='ltr'>diverso</span> <span class='ocrx_word' id='word_1_17' title='bbox 931 380 1093 421; x_wconf 83' lang='lat' dir='ltr'>uterque</span> <span class='ocrx_word' id='word_1_18' title='bbox 1122 377 1321 413; x_wconf 89' lang='lat' dir='ltr'>instituto:</span> <span class='ocrx_word' id='word_1_19' title='bbox 1350 377 1398 413; x_wconf 90' lang='lat' dir='ltr'>de</span> <span class='ocrx_word' id='word_1_20' title='bbox 1429 378 1521 423; x_wconf 88' lang='lat' dir='ltr'>qui-</span> 
     </span>
     <span class='ocr_line' id='line_1_4' title="bbox 105 431 1520 478; baseline 0.001 -10"><span class='ocrx_word' id='word_1_21' title='bbox 105 433 180 468; x_wconf 88' lang='lat' dir='ltr'>bus</span> <span class='ocrx_word' id='word_1_22' title='bbox 211 432 305 478; x_wconf 82' lang='lat' dir='ltr'>quid</span> <span class='ocrx_word' id='word_1_23' title='bbox 329 432 499 467; x_wconf 84' lang='lat' dir='ltr'>senserit</span> <span class='ocrx_word' id='word_1_24' title='bbox 528 431 803 478; x_wconf 68' lang='lat' dir='ltr'>Ruhnkeniu37</span> <span class='ocrx_word' id='word_1_25' title='bbox 834 432 869 467; x_wconf 91' lang='lat' dir='ltr'>si</span> <span class='ocrx_word' id='word_1_26' title='bbox 899 442 948 467; x_wconf 86' lang='lat' dir='ltr'>ex</span> <span class='ocrx_word' id='word_1_27' title='bbox 971 432 1057 467; x_wconf 88' lang='lat' dir='ltr'>eius</span> <span class='ocrx_word' id='word_1_28' title='bbox 1082 442 1231 468; x_wconf 86' lang='lat' dir='ltr'>mecum</span> <span class='ocrx_word' id='word_1_29' title='bbox 1254 443 1372 478; x_wconf 86' lang='lat' dir='ltr'>saepe</span> <span class='ocrx_word' id='word_1_30' title='bbox 1404 433 1520 470; x_wconf 88' lang='lat' dir='ltr'>habi-</span> 
     </span>
    </p>

    <p class='ocr_par' dir='ltr' id='par_1_3' title="bbox 104 488 1519 580">
     <span class='ocr_line' id='line_1_5' title="bbox 104 488 1519 535; baseline 0.001 -11"><span class='ocrx_word' id='word_1_31' title='bbox 104 488 156 524; x_wconf 85' lang='lat' dir='ltr'>tis</span> <span class='ocrx_word' id='word_1_32' title='bbox 194 489 438 523; x_wconf 88' lang='lat' dir='ltr'>sermonibus</span> <span class='ocrx_word' id='word_1_33' title='bbox 478 497 798 535; x_wconf 77' lang='lat' dir='ltr'><strong>commemorem,</strong></span> <span class='ocrx_word' id='word_1_34' title='bbox 843 488 942 523; x_wconf 86' lang='lat' dir='ltr'>haud</span> <span class='ocrx_word' id='word_1_35' title='bbox 984 488 1179 535; x_wconf 82' lang='lat' dir='ltr'>ingratum</span> <span class='ocrx_word' id='word_1_36' title='bbox 1222 490 1418 535; x_wconf 86' lang='lat' dir='ltr'>plerisque</span> <span class='ocrx_word' id='word_1_37' title='bbox 1458 500 1519 526; x_wconf 89' lang='lat' dir='ltr'>me</span> 
     </span>
     <span class='ocr_line' id='line_1_6' title="bbox 105 544 566 580; baseline -0.002 -1"><span class='ocrx_word' id='word_1_38' title='bbox 105 545 300 580; x_wconf 80' lang='lat' dir='ltr'>facturum</span> <span class='ocrx_word' id='word_1_39' title='bbox 331 544 566 579; x_wconf 82' lang='lat' dir='ltr'><strong>existimem.</strong></span> 
     </span>
    </p>

    <p class='ocr_par' dir='ltr' id='par_1_4' title="bbox 88 598 1603 2431">
     <span class='ocr_line' id='line_1_7' title="bbox 216 598 1518 647; baseline 0.001 -12"><span class='ocrx_word' id='word_1_40' title='bbox 216 600 379 647; x_wconf 81' lang='lat' dir='ltr'>„Duos“</span> <span class='ocrx_word' id='word_1_41' title='bbox 397 599 523 645; x_wconf 88' lang='lat' dir='ltr'>inquit</span> <span class='ocrx_word' id='word_1_42' title='bbox 553 599 700 644; x_wconf 81' lang='lat' dir='ltr'>„habui</span> <span class='ocrx_word' id='word_1_43' title='bbox 720 599 866 634; x_wconf 83' lang='lat' dir='ltr'>amicos</span> <span class='ocrx_word' id='word_1_44' title='bbox 893 598 1138 646; x_wconf 79' lang='lat' dir='ltr'>Theologos,</span> <span class='ocrx_word' id='word_1_45' title='bbox 1172 600 1406 645; x_wconf 87' lang='lat' dir='ltr'>eosdemque</span> <span class='ocrx_word' id='word_1_46' title='bbox 1430 610 1518 637; x_wconf 89' lang='lat' dir='ltr'>raro</span> 
     </span>
     <span class='ocr_line' id='line_1_8' title="bbox 101 655 1520 702; baseline 0.001 -11"><span class='ocrx_word' id='word_1_47' title='bbox 101 655 308 702; x_wconf 85' lang='lat' dir='ltr'>„exemplo</span> <span class='ocrx_word' id='word_1_48' title='bbox 338 656 490 691; x_wconf 82' lang='lat' dir='ltr'>Graece</span> <span class='ocrx_word' id='word_1_49' title='bbox 520 655 746 700; x_wconf 72' lang='lat' dir='ltr'>pei-doctos,</span> <span class='ocrx_word' id='word_1_50' title='bbox 791 655 856 701; x_wconf 82' lang='lat' dir='ltr'>qui</span> <span class='ocrx_word' id='word_1_51' title='bbox 895 655 1091 691; x_wconf 76' lang='lat' dir='ltr'>doctiores</span> <span class='ocrx_word' id='word_1_52' title='bbox 1122 656 1239 691; x_wconf 87' lang='lat' dir='ltr'>etiam</span> <span class='ocrx_word' id='word_1_53' title='bbox 1270 655 1520 692; x_wconf 81' lang='lat' dir='ltr'>exstitissent</span> 
     </span>
     <span class='ocr_line' id='line_1_9' title="bbox 101 710 1519 760; baseline 0.001 -14"><span class='ocrx_word' id='word_1_54' title='bbox 101 711 207 760; x_wconf 72' lang='lat' dir='ltr'>„nisi</span> <span class='ocrx_word' id='word_1_55' title='bbox 237 710 426 759; x_wconf 69' lang='lat' dir='ltr'>&#39;theologi</span> <span class='ocrx_word' id='word_1_56' title='bbox 457 711 647 746; x_wconf 83' lang='lat' dir='ltr'>fuissent:</span> <span class='ocrx_word' id='word_1_57' title='bbox 680 721 790 757; x_wconf 87' lang='lat' dir='ltr'>nam,</span> <span class='ocrx_word' id='word_1_58' title='bbox 834 714 877 746; x_wconf 92' lang='lat' dir='ltr'>ut</span> <span class='ocrx_word' id='word_1_59' title='bbox 908 722 1010 746; x_wconf 90' lang='lat' dir='ltr'>nunc</span> <span class='ocrx_word' id='word_1_60' title='bbox 1031 711 1184 757; x_wconf 87' lang='lat' dir='ltr'>quidem</span> <span class='ocrx_word' id='word_1_61' title='bbox 1215 714 1275 747; x_wconf 84' lang='lat' dir='ltr'>est</span> <span class='ocrx_word' id='word_1_62' title='bbox 1306 711 1423 747; x_wconf 88' lang='lat' dir='ltr'>huius</span> <span class='ocrx_word' id='word_1_63' title='bbox 1453 712 1519 748; x_wconf 86' lang='lat' dir='ltr'>di·-</span> 
     </span>
     <span class='ocr_line' id='line_1_10' title="bbox 102 766 1516 814; baseline 0.001 -12"><span class='ocrx_word' id='word_1_64' title='bbox 102 766 324 813; x_wconf 83' lang='lat' dir='ltr'>„sciplinae</span> <span class='ocrx_word' id='word_1_65' title='bbox 353 767 467 814; x_wconf 82' lang='lat' dir='ltr'>ratio,</span> <span class='ocrx_word' id='word_1_66' title='bbox 497 767 562 812; x_wconf 88' lang='lat' dir='ltr'>qui</span> <span class='ocrx_word' id='word_1_67' title='bbox 594 777 676 802; x_wconf 89' lang='lat' dir='ltr'>cam</span> <span class='ocrx_word' id='word_1_68' title='bbox 710 768 948 812; x_wconf 87' lang='lat' dir='ltr'>profitentur,</span> <span class='ocrx_word' id='word_1_69' title='bbox 981 778 1052 803; x_wconf 91' lang='lat' dir='ltr'>non</span> <span class='ocrx_word' id='word_1_70' title='bbox 1083 768 1208 803; x_wconf 88' lang='lat' dir='ltr'>solum</span> <span class='ocrx_word' id='word_1_71' title='bbox 1231 771 1360 802; x_wconf 75' lang='lat' dir='ltr'>certae</span> <span class='ocrx_word' id='word_1_72' title='bbox 1384 771 1516 803; x_wconf 82' lang='lat' dir='ltr'>sectae</span> 
     </span>
     <span class='ocr_line' id='line_1_11' title="bbox 101 823 1516 870; baseline 0.001 -12"><span class='ocrx_word' id='word_1_73' title='bbox 101 823 428 870; x_wconf 80' lang='lat' dir='ltr'>„adstringuntur</span> <span class='ocrx_word' id='word_1_74' title='bbox 448 833 547 868; x_wconf 89' lang='lat' dir='ltr'>quae</span> <span class='ocrx_word' id='word_1_75' title='bbox 576 823 699 858; x_wconf 88' lang='lat' dir='ltr'>libere</span> <span class='ocrx_word' id='word_1_76' title='bbox 728 823 924 858; x_wconf 90' lang='lat' dir='ltr'>sentiendi</span> <span class='ocrx_word' id='word_1_77' title='bbox 949 824 1174 859; x_wconf 81' lang='lat' dir='ltr'>facultatem</span> <span class='ocrx_word' id='word_1_78' title='bbox 1204 823 1316 868; x_wconf 90' lang='lat' dir='ltr'>tollit,</span> <span class='ocrx_word' id='word_1_79' title='bbox 1347 823 1415 858; x_wconf 87' lang='lat' dir='ltr'>sed</span> <span class='ocrx_word' id='word_1_80' title='bbox 1448 833 1516 859; x_wconf 81' lang='lat' dir='ltr'>eos</span> 
     </span>
     <span class='ocr_line' id='line_1_12' title="bbox 100 879 1515 925; baseline 0 -11"><span class='ocrx_word' id='word_1_81' title='bbox 100 879 182 925; x_wconf 85' lang='lat' dir='ltr'>„ita</span> <span class='ocrx_word' id='word_1_82' title='bbox 202 881 414 924; x_wconf 83' lang='lat' dir='ltr'>occupatos</span> <span class='ocrx_word' id='word_1_83' title='bbox 445 881 550 914; x_wconf 90' lang='lat' dir='ltr'>tenet</span> <span class='ocrx_word' id='word_1_84' title='bbox 580 879 818 913; x_wconf 81' lang='lat' dir='ltr'>necessitate</span> <span class='ocrx_word' id='word_1_85' title='bbox 845 879 1120 914; x_wconf 87' lang='lat' dir='ltr'>discendarum</span> <span class='ocrx_word' id='word_1_86' title='bbox 1141 879 1346 915; x_wconf 88' lang='lat' dir='ltr'>multarum</span> <span class='ocrx_word' id='word_1_87' title='bbox 1372 889 1515 925; x_wconf 79' lang='lat' dir='ltr'>rerum,</span> 
     </span>
     <span class='ocr_line' id='line_1_13' title="bbox 96 933 1514 982; baseline 0 -13"><span class='ocrx_word' id='word_1_88' title='bbox 96 934 369 982; x_wconf 87' lang='lat' dir='ltr'>„diversarum</span> <span class='ocrx_word' id='word_1_89' title='bbox 398 944 421 968; x_wconf 82' lang='lat' dir='ltr'>a</span> <span class='ocrx_word' id='word_1_90' title='bbox 451 934 594 969; x_wconf 87' lang='lat' dir='ltr'>nostris</span> <span class='ocrx_word' id='word_1_91' title='bbox 613 933 758 969; x_wconf 87' lang='lat' dir='ltr'>Literis</span> <span class='ocrx_word' id='word_1_92' title='bbox 789 937 828 969; x_wconf 91' lang='lat' dir='ltr'>et</span> <span class='ocrx_word' id='word_1_93' title='bbox 845 935 1108 969; x_wconf 81' lang='lat' dir='ltr'>Humanitatis</span> <span class='ocrx_word' id='word_1_94' title='bbox 1138 935 1349 982; x_wconf 80' lang='lat' dir='ltr'>elegantia,</span> <span class='ocrx_word' id='word_1_95' title='bbox 1379 939 1421 969; x_wconf 88' lang='lat' dir='ltr'>ut</span> <span class='ocrx_word' id='word_1_96' title='bbox 1454 935 1514 970; x_wconf 82' lang='lat' dir='ltr'>his</span> 
     </span>
     <span class='ocr_line' id='line_1_14' title="bbox 97 990 1513 1037; baseline -0.001 -12"><span class='ocrx_word' id='word_1_97' title='bbox 97 990 348 1036; x_wconf 83' lang='lat' dir='ltr'>„recolendis</span> <span class='ocrx_word' id='word_1_98' title='bbox 379 1000 450 1024; x_wconf 89' lang='lat' dir='ltr'>nec</span> <span class='ocrx_word' id='word_1_99' title='bbox 478 995 631 1035; x_wconf 84' lang='lat' dir='ltr'>tempus</span> <span class='ocrx_word' id='word_1_100' title='bbox 662 1000 732 1025; x_wconf 86' lang='lat' dir='ltr'>nec</span> <span class='ocrx_word' id='word_1_101' title='bbox 761 990 942 1025; x_wconf 86' lang='lat' dir='ltr'>voluntas</span> <span class='ocrx_word' id='word_1_102' title='bbox 966 991 1220 1035; x_wconf 81' lang='lat' dir='ltr'>relinquatur,</span> <span class='ocrx_word' id='word_1_103' title='bbox 1279 990 1408 1036; x_wconf 74' lang='lat' dir='ltr'>igitur</span> <span class='ocrx_word' id='word_1_104' title='bbox 1438 999 1513 1037; x_wconf 81' lang='lat' dir='ltr'>ego</span> 
     </span>
     <span class='ocr_line' id='line_1_15' title="bbox 100 1045 1511 1092; baseline -0.001 -11"><span class='ocrx_word' id='word_1_105' title='bbox 100 1056 151 1092; x_wconf 87' lang='lat' dir='ltr'>„a</span> <span class='ocrx_word' id='word_1_106' title='bbox 179 1049 304 1081; x_wconf 87' lang='lat' dir='ltr'>matre</span> <span class='ocrx_word' id='word_1_107' title='bbox 321 1045 566 1092; x_wconf 63' lang='lat' dir='ltr'>&#39;theologiae</span> <span class='ocrx_word' id='word_1_108' title='bbox 585 1046 819 1092; x_wconf 85' lang='lat' dir='ltr'>destinatus,</span> <span class='ocrx_word' id='word_1_109' title='bbox 848 1046 1009 1081; x_wconf 88' lang='lat' dir='ltr'>tradens</span> <span class='ocrx_word' id='word_1_110' title='bbox 1027 1055 1089 1081; x_wconf 88' lang='lat' dir='ltr'>me</span> <span class='ocrx_word' id='word_1_111' title='bbox 1108 1050 1228 1081; x_wconf 90' lang='lat' dir='ltr'>totum</span> <span class='ocrx_word' id='word_1_112' title='bbox 1255 1045 1414 1092; x_wconf 74' lang='lat' dir='ltr'>biteris,</span> <span class='ocrx_word' id='word_1_113' title='bbox 1447 1045 1511 1080; x_wconf 89' lang='lat' dir='ltr'>vi-</span> 
     </span>
     <span class='ocr_line' id='line_1_16' title="bbox 98 1096 1514 1150; baseline 0.001 -14"><span class='ocrx_word' id='word_1_114' title='bbox 98 1102 247 1149; x_wconf 82' lang='lat' dir='ltr'>„debat</span> <span class='ocrx_word' id='word_1_115' title='bbox 284 1101 380 1136; x_wconf 85' lang='lat' dir='ltr'>mihi</span> <span class='ocrx_word' id='word_1_116' title='bbox 418 1111 556 1136; x_wconf 89' lang='lat' dir='ltr'>revera</span> <span class='ocrx_word' id='word_1_117' title='bbox 599 1102 788 1148; x_wconf 79' lang='lat' dir='ltr'>effugisse</span> <span class='ocrx_word' id='word_1_118' title='bbox 825 1102 919 1136; x_wconf 88' lang='lat' dir='ltr'>illud</span> <span class='ocrx_word' id='word_1_119' title='bbox 961 1102 1105 1138; x_wconf 78' lang='grc' dir='ltr'><em>δούλιον</em></span> <span class='ocrx_word' id='word_1_120' title='bbox 1143 1096 1242 1150; x_wconf 74' lang='grc' dir='ltr'>ἦμαρ</span> <span class='ocrx_word' id='word_1_121' title='bbox 1272 1101 1373 1146; x_wconf 92' lang='lat' dir='ltr'>quod</span> <span class='ocrx_word' id='word_1_122' title='bbox 1404 1101 1514 1148; x_wconf 75' lang='grc' dir='ltr'>ἣμισυ</span> 
     </span>
     <span class='ocr_line' id='line_1_17' title="bbox 95 1156 1515 1206; baseline -0.001 -13"><span class='ocrx_word' id='word_1_123' title='bbox 95 1157 252 1206; x_wconf 76' lang='grc' dir='ltr'><em>,,οἰρετῆς</em></span> <span class='ocrx_word' id='word_1_124' title='bbox 291 1156 570 1203; x_wconf 73' lang='grc' dir='ltr'>ἄποαίνυται.“)</span> <span class='ocrx_word' id='word_1_125' title='bbox 633 1159 685 1192; x_wconf 86' lang='lat' dir='ltr'>Et</span> <span class='ocrx_word' id='word_1_126' title='bbox 726 1161 890 1202; x_wconf 88' lang='lat' dir='ltr'>uterque</span> <span class='ocrx_word' id='word_1_127' title='bbox 928 1168 1037 1192; x_wconf 90' lang='lat' dir='ltr'>meus</span> <span class='ocrx_word' id='word_1_128' title='bbox 1073 1157 1222 1192; x_wconf 84' lang='lat' dir='ltr'>amicus</span> <span class='ocrx_word' id='word_1_129' title='bbox 1251 1156 1290 1191; x_wconf 93' lang='lat' dir='ltr'>in</span> <span class='ocrx_word' id='word_1_130' title='bbox 1320 1156 1515 1192; x_wconf 85' lang='lat' dir='ltr'>illustrem</span> 
     </span>
     <span class='ocr_line' id='line_1_18' title="bbox 93 1213 1515 1262; baseline -0.001 -14"><span class='ocrx_word' id='word_1_131' title='bbox 93 1213 293 1262; x_wconf 83' lang='lat' dir='ltr'>„quidem‚</span> <span class='ocrx_word' id='word_1_132' title='bbox 323 1222 397 1247; x_wconf 89' lang='lat' dir='ltr'>nec</span> <span class='ocrx_word' id='word_1_133' title='bbox 426 1216 552 1247; x_wconf 87' lang='lat' dir='ltr'>tamen</span> <span class='ocrx_word' id='word_1_134' title='bbox 584 1213 822 1259; x_wconf 83' lang='lat' dir='ltr'>principem,</span> <span class='ocrx_word' id='word_1_135' title='bbox 852 1215 1089 1249; x_wconf 81' lang='lat' dir='ltr'>Graecarum</span> <span class='ocrx_word' id='word_1_136' title='bbox 1120 1214 1339 1249; x_wconf 83' lang='lat' dir='ltr'>Literarum</span> <span class='ocrx_word' id='word_1_137' title='bbox 1370 1222 1515 1257; x_wconf 84' lang='lat' dir='ltr'>perve-</span> 
     </span>
     <span class='ocr_line' id='line_1_19' title="bbox 94 1267 1513 1315; baseline -0.001 -11"><span class='ocrx_word' id='word_1_138' title='bbox 94 1268 179 1315; x_wconf 85' lang='lat' dir='ltr'>„nit</span> <span class='ocrx_word' id='word_1_139' title='bbox 206 1268 354 1304; x_wconf 89' lang='lat' dir='ltr'>locum:</span> <span class='ocrx_word' id='word_1_140' title='bbox 385 1278 510 1314; x_wconf 88' lang='lat' dir='ltr'>neque</span> <span class='ocrx_word' id='word_1_141' title='bbox 541 1267 643 1303; x_wconf 89' lang='lat' dir='ltr'>enim</span> <span class='ocrx_word' id='word_1_142' title='bbox 674 1278 759 1304; x_wconf 89' lang='lat' dir='ltr'>eam</span> <span class='ocrx_word' id='word_1_143' title='bbox 799 1270 1027 1304; x_wconf 80' lang='lat' dir='ltr'>confecerat</span> <span class='ocrx_word' id='word_1_144' title='bbox 1056 1269 1180 1314; x_wconf 90' lang='lat' dir='ltr'>viam,</span> <span class='ocrx_word' id='word_1_145' title='bbox 1221 1278 1321 1313; x_wconf 86' lang='lat' dir='ltr'>quae</span> <span class='ocrx_word' id='word_1_146' title='bbox 1351 1268 1436 1303; x_wconf 87' lang='lat' dir='ltr'>sola</span> <span class='ocrx_word' id='word_1_147' title='bbox 1465 1267 1513 1302; x_wconf 89' lang='lat' dir='ltr'>ad</span> 
     </span>
     <span class='ocr_line' id='line_1_20' title="bbox 96 1323 1513 1376; baseline -0.001 -17"><span class='ocrx_word' id='word_1_148' title='bbox 96 1324 232 1376; x_wconf 79' lang='lat' dir='ltr'>„illum</span> <span class='ocrx_word' id='word_1_149' title='bbox 273 1323 527 1370; x_wconf 79' lang='lat' dir='ltr'>principatum</span> <span class='ocrx_word' id='word_1_150' title='bbox 568 1325 665 1371; x_wconf 79' lang='lat' dir='ltr'>sert,</span> <span class='ocrx_word' id='word_1_151' title='bbox 713 1324 954 1370; x_wconf 85' lang='lat' dir='ltr'>Scriptorum</span> <span class='ocrx_word' id='word_1_152' title='bbox 987 1324 1181 1370; x_wconf 84' lang='lat' dir='ltr'>omnium,</span> <span class='ocrx_word' id='word_1_153' title='bbox 1219 1324 1308 1359; x_wconf 90' lang='lat' dir='ltr'>inde</span> <span class='ocrx_word' id='word_1_154' title='bbox 1337 1334 1359 1358; x_wconf 80' lang='lat' dir='ltr'>a</span> <span class='ocrx_word' id='word_1_155' title='bbox 1391 1323 1513 1368; x_wconf 89' lang='lat' dir='ltr'>primo</span> 
     </span>
     <span class='ocr_line' id='line_1_21' title="bbox 88 1380 1513 1429; baseline 0 -13"><span class='ocrx_word' id='word_1_156' title='bbox 88 1381 306 1428; x_wconf 87' lang='lat' dir='ltr'>„deinceps</span> <span class='ocrx_word' id='word_1_157' title='bbox 338 1380 386 1415; x_wconf 82' lang='lat' dir='ltr'>ad</span> <span class='ocrx_word' id='word_1_158' title='bbox 418 1384 675 1429; x_wconf 82' lang='lat' dir='ltr'>postremum,</span> <span class='ocrx_word' id='word_1_159' title='bbox 714 1380 971 1428; x_wconf 84' lang='lat' dir='ltr'>grammatica</span> <span class='ocrx_word' id='word_1_160' title='bbox 1000 1381 1215 1425; x_wconf 86' lang='lat' dir='ltr'>criticaque</span> <span class='ocrx_word' id='word_1_161' title='bbox 1244 1380 1430 1427; x_wconf 84' lang='lat' dir='ltr'>lectione,</span> <span class='ocrx_word' id='word_1_162' title='bbox 1474 1384 1513 1416; x_wconf 86' lang='lat' dir='ltr'>et</span> 
     </span>
     <span class='ocr_line' id='line_1_22' title="bbox 97 1435 1510 1484; baseline -0.001 -11"><span class='ocrx_word' id='word_1_163' title='bbox 97 1437 262 1484; x_wconf 87' lang='lat' dir='ltr'>„sedula</span> <span class='ocrx_word' id='word_1_164' title='bbox 290 1438 552 1482; x_wconf 81' lang='lat' dir='ltr'>excerptione.</span> <span class='ocrx_word' id='word_1_165' title='bbox 611 1437 690 1472; x_wconf 87' lang='lat' dir='ltr'>Sed</span> <span class='ocrx_word' id='word_1_166' title='bbox 721 1438 914 1472; x_wconf 83' lang='lat' dir='ltr'>Ernestus</span> <span class='ocrx_word' id='word_1_167' title='bbox 945 1448 968 1471; x_wconf 83' lang='lat' dir='ltr'>a</span> <span class='ocrx_word' id='word_1_168' title='bbox 998 1437 1143 1472; x_wconf 90' lang='lat' dir='ltr'>Literis</span> <span class='ocrx_word' id='word_1_169' title='bbox 1172 1437 1221 1471; x_wconf 86' lang='lat' dir='ltr'>ad</span> <span class='ocrx_word' id='word_1_170' title='bbox 1251 1435 1510 1483; x_wconf 83' lang='lat' dir='ltr'>Theologiam</span> 
     </span>
     <span class='ocr_line' id='line_1_23' title="bbox 96 1492 1512 1540; baseline -0.001 -11"><span class='ocrx_word' id='word_1_171' title='bbox 96 1494 327 1540; x_wconf 79' lang='lat' dir='ltr'>„profectus</span> <span class='ocrx_word' id='word_1_172' title='bbox 345 1496 449 1539; x_wconf 85' lang='lat' dir='ltr'>erat,</span> <span class='ocrx_word' id='word_1_173' title='bbox 472 1492 676 1529; x_wconf 87' lang='lat' dir='ltr'>Albertius</span> <span class='ocrx_word' id='word_1_174' title='bbox 701 1504 724 1529; x_wconf 81' lang='lat' dir='ltr'>a</span> <span class='ocrx_word' id='word_1_175' title='bbox 747 1492 967 1540; x_wconf 82' lang='lat' dir='ltr'>Theologia</span> <span class='ocrx_word' id='word_1_176' title='bbox 987 1493 1032 1528; x_wconf 90' lang='lat' dir='ltr'>ad</span> <span class='ocrx_word' id='word_1_177' title='bbox 1054 1494 1221 1529; x_wconf 83' lang='lat' dir='ltr'>Literas.</span> <span class='ocrx_word' id='word_1_178' title='bbox 1280 1494 1325 1528; x_wconf 92' lang='lat' dir='ltr'>In</span> <span class='ocrx_word' id='word_1_179' title='bbox 1348 1496 1512 1537; x_wconf 83' lang='lat' dir='ltr'>utroque</span> 
     </span>
     <span class='ocr_line' id='line_1_24' title="bbox 93 1546 1603 1600; baseline -0.001 -16"><span class='ocrx_word' id='word_1_180' title='bbox 93 1548 307 1600; x_wconf 78' lang='lat' dir='ltr'>„apparuit</span> <span class='ocrx_word' id='word_1_181' title='bbox 335 1549 431 1585; x_wconf 91' lang='lat' dir='ltr'>illud</span> <span class='ocrx_word' id='word_1_182' title='bbox 464 1550 550 1592; x_wconf 79' lang='lat' dir='ltr'>Quo</span> <span class='ocrx_word' id='word_1_183' title='bbox 577 1549 700 1585; x_wconf 79' lang='lat' dir='ltr'>semel</span> <span class='ocrx_word' id='word_1_184' title='bbox 727 1554 784 1586; x_wconf 79' lang='lat' dir='ltr'>esc</span> <span class='ocrx_word' id='word_1_185' title='bbox 814 1551 963 1586; x_wconf 80' lang='lat' dir='ltr'>imbuta</span> <span class='ocrx_word' id='word_1_186' title='bbox 982 1559 1119 1589; x_wconf 57' lang='lat' dir='ltr'>raecens</span> <span class='ocrx_word' id='word_1_187' title='bbox 1146 1549 1318 1585; x_wconf 75' lang='lat' dir='ltr'>serr-abit</span> <span class='ocrx_word' id='word_1_188' title='bbox 1349 1550 1509 1584; x_wconf 80' lang='lat' dir='ltr'>odorem</span> <span class='ocrx_word' id='word_1_189' title='bbox 1522 1546 1603 1583; x_wconf 88' lang='lat'>115</span> 
     </span>
     <span class='ocr_line' id='line_1_25' title="bbox 94 1601 1508 1653; baseline -0.002 -12"><span class='ocrx_word' id='word_1_190' title='bbox 94 1605 249 1653; x_wconf 79' lang='lat' dir='ltr'>„Testa</span> <span class='ocrx_word' id='word_1_191' title='bbox 288 1601 443 1651; x_wconf 72' lang='lat' dir='ltr'>diu.**)</span> <span class='ocrx_word' id='word_1_192' title='bbox 511 1607 704 1641; x_wconf 86' lang='lat' dir='ltr'>Ernestus</span> <span class='ocrx_word' id='word_1_193' title='bbox 743 1615 857 1640; x_wconf 91' lang='lat' dir='ltr'>omne</span> <span class='ocrx_word' id='word_1_194' title='bbox 895 1606 942 1641; x_wconf 91' lang='lat' dir='ltr'>ab</span> <span class='ocrx_word' id='word_1_195' title='bbox 982 1605 1144 1640; x_wconf 87' lang='lat' dir='ltr'>ineunte</span> <span class='ocrx_word' id='word_1_196' title='bbox 1183 1608 1313 1640; x_wconf 84' lang='lat' dir='ltr'>aetate</span> <span class='ocrx_word' id='word_1_197' title='bbox 1354 1607 1508 1649; x_wconf 89' lang='lat' dir='ltr'>tempus</span> 
     </span>
     <span class='ocr_line' id='line_1_26' title="bbox 90 1659 1507 1708; baseline -0.001 -12"><span class='ocrx_word' id='word_1_198' title='bbox 90 1661 312 1708; x_wconf 83' lang='lat' dir='ltr'>„tribuerat</span> <span class='ocrx_word' id='word_1_199' title='bbox 332 1659 492 1707; x_wconf 74' lang='lat' dir='ltr'>biteris,</span> <span class='ocrx_word' id='word_1_200' title='bbox 508 1661 675 1696; x_wconf 82' lang='lat' dir='ltr'>maxime</span> <span class='ocrx_word' id='word_1_201' title='bbox 695 1661 859 1707; x_wconf 84' lang='lat' dir='ltr'>Latinis,</span> <span class='ocrx_word' id='word_1_202' title='bbox 878 1661 964 1696; x_wconf 88' lang='lat' dir='ltr'>eius</span> <span class='ocrx_word' id='word_1_203' title='bbox 985 1660 1142 1708; x_wconf 78' lang='lat' dir='ltr'>linguae</span> <span class='ocrx_word' id='word_1_204' title='bbox 1166 1660 1347 1705; x_wconf 88' lang='lat' dir='ltr'>scientia,</span> <span class='ocrx_word' id='word_1_205' title='bbox 1366 1659 1507 1695; x_wconf 87' lang='lat' dir='ltr'>Histo—</span> 
     </span>
     <span class='ocr_line' id='line_1_27' title="bbox 90 1715 1507 1764; baseline -0.001 -12"><span class='ocrx_word' id='word_1_206' title='bbox 90 1717 265 1764; x_wconf 86' lang='lat' dir='ltr'>„riarum</span> <span class='ocrx_word' id='word_1_207' title='bbox 296 1719 335 1752; x_wconf 90' lang='lat' dir='ltr'>et</span> <span class='ocrx_word' id='word_1_208' title='bbox 363 1716 487 1752; x_wconf 88' lang='lat' dir='ltr'>omnis</span> <span class='ocrx_word' id='word_1_209' title='bbox 506 1717 768 1762; x_wconf 84' lang='lat' dir='ltr'>Antiquitatis</span> <span class='ocrx_word' id='word_1_210' title='bbox 797 1717 1035 1764; x_wconf 78' lang='lat' dir='ltr'>cognitione,</span> <span class='ocrx_word' id='word_1_211' title='bbox 1066 1716 1202 1752; x_wconf 85' lang='lat' dir='ltr'>critica</span> <span class='ocrx_word' id='word_1_212' title='bbox 1221 1717 1384 1761; x_wconf 87' lang='lat' dir='ltr'>ratione,</span> <span class='ocrx_word' id='word_1_213' title='bbox 1413 1715 1507 1760; x_wconf 87' lang='lat' dir='ltr'>pul-</span> 
     </span>
     <span class='ocr_line' id='line_1_28' title="bbox 89 1770 1509 1822; baseline -0.002 -13"><span class='ocrx_word' id='word_1_214' title='bbox 89 1773 175 1820; x_wconf 85' lang='lat' dir='ltr'>„cri</span> <span class='ocrx_word' id='word_1_215' title='bbox 204 1771 441 1817; x_wconf 86' lang='lat' dir='ltr'>venustique</span> <span class='ocrx_word' id='word_1_216' title='bbox 470 1782 612 1815; x_wconf 90' lang='lat' dir='ltr'>sensu,</span> <span class='ocrx_word' id='word_1_217' title='bbox 643 1773 829 1808; x_wconf 88' lang='lat' dir='ltr'>orationis</span> <span class='ocrx_word' id='word_1_218' title='bbox 858 1773 1026 1817; x_wconf 89' lang='lat' dir='ltr'>denique</span> <span class='ocrx_word' id='word_1_219' title='bbox 1047 1772 1258 1822; x_wconf 75' lang='lat' dir='ltr'>facultate,</span> <span class='ocrx_word' id='word_1_220' title='bbox 1286 1771 1342 1806; x_wconf 89' lang='lat' dir='ltr'>ita</span> <span class='ocrx_word' id='word_1_221' title='bbox 1372 1770 1509 1817; x_wconf 88' lang='lat' dir='ltr'>valuit,</span> 
     </span>
     <span class='ocr_line' id='line_1_29' title="bbox 89 1826 1507 1876; baseline -0.002 -12"><span class='ocrx_word' id='word_1_222' title='bbox 89 1831 161 1876; x_wconf 89' lang='lat' dir='ltr'>„ut</span> <span class='ocrx_word' id='word_1_223' title='bbox 191 1827 397 1864; x_wconf 85' lang='lat' dir='ltr'>verissime</span> <span class='ocrx_word' id='word_1_224' title='bbox 426 1827 471 1863; x_wconf 82' lang='lat' dir='ltr'>in</span> <span class='ocrx_word' id='word_1_225' title='bbox 495 1827 737 1874; x_wconf 88' lang='lat' dir='ltr'>principibus</span> <span class='ocrx_word' id='word_1_226' title='bbox 768 1829 902 1864; x_wconf 85' lang='lat' dir='ltr'>harum</span> <span class='ocrx_word' id='word_1_227' title='bbox 942 1828 1097 1864; x_wconf 89' lang='lat' dir='ltr'>laudum</span> <span class='ocrx_word' id='word_1_228' title='bbox 1126 1830 1357 1872; x_wconf 84' lang='lat' dir='ltr'>censeatur3</span> <span class='ocrx_word' id='word_1_229' title='bbox 1398 1829 1437 1862; x_wconf 82' lang='lat' dir='ltr'>et</span> <span class='ocrx_word' id='word_1_230' title='bbox 1467 1826 1507 1862; x_wconf 92' lang='lat' dir='ltr'>in</span> 
     </span>
     <span class='ocr_line' id='line_1_30' title="bbox 90 1882 1508 1931; baseline -0.002 -11"><span class='ocrx_word' id='word_1_231' title='bbox 90 1884 334 1931; x_wconf 85' lang='lat' dir='ltr'>„principum</span> <span class='ocrx_word' id='word_1_232' title='bbox 355 1884 452 1919; x_wconf 84' lang='lat' dir='ltr'>adeo</span> <span class='ocrx_word' id='word_1_233' title='bbox 471 1884 714 1930; x_wconf 88' lang='lat' dir='ltr'>principibus</span> <span class='ocrx_word' id='word_1_234' title='bbox 735 1884 954 1920; x_wconf 83' lang='lat' dir='ltr'>censendus</span> <span class='ocrx_word' id='word_1_235' title='bbox 975 1886 1103 1930; x_wconf 83' lang='lat' dir='ltr'>esset,</span> <span class='ocrx_word' id='word_1_236' title='bbox 1133 1883 1167 1919; x_wconf 91' lang='lat' dir='ltr'>si</span> <span class='ocrx_word' id='word_1_237' title='bbox 1188 1883 1342 1919; x_wconf 87' lang='lat' dir='ltr'>Latinis</span> <span class='ocrx_word' id='word_1_238' title='bbox 1361 1882 1508 1918; x_wconf 80' lang='lat' dir='ltr'>Literis</span> 
     </span>
     <span class='ocr_line' id='line_1_31' title="bbox 89 1938 1506 1993; baseline -0.001 -19"><span class='ocrx_word' id='word_1_239' title='bbox 89 1951 186 1993; x_wconf 66' lang='lat' dir='ltr'>„par</span> <span class='ocrx_word' id='word_1_240' title='bbox 215 1941 254 1977; x_wconf 92' lang='lat' dir='ltr'>in</span> <span class='ocrx_word' id='word_1_241' title='bbox 285 1950 332 1976; x_wconf 92' lang='lat' dir='ltr'>eo</span> <span class='ocrx_word' id='word_1_242' title='bbox 362 1941 596 1976; x_wconf 85' lang='lat' dir='ltr'>Graecarum</span> <span class='ocrx_word' id='word_1_243' title='bbox 634 1940 801 1975; x_wconf 80' lang='lat' dir='ltr'>facultas</span> <span class='ocrx_word' id='word_1_244' title='bbox 833 1940 1065 1984; x_wconf 80' lang='lat' dir='ltr'>Literarum,</span> <span class='ocrx_word' id='word_1_245' title='bbox 1107 1939 1289 1975; x_wconf 88' lang='lat' dir='ltr'>lectionis</span> <span class='ocrx_word' id='word_1_246' title='bbox 1325 1938 1506 1973; x_wconf 89' lang='lat' dir='ltr'>multitu-</span> 
     </span>
     <span class='ocr_line' id='line_1_32' title="bbox 90 1994 1507 2046; baseline -0.001 -14"><span class='ocrx_word' id='word_1_247' title='bbox 90 1997 202 2046; x_wconf 84' lang='lat' dir='ltr'>„dini</span> <span class='ocrx_word' id='word_1_248' title='bbox 232 1999 272 2031; x_wconf 87' lang='lat' dir='ltr'>et</span> <span class='ocrx_word' id='word_1_249' title='bbox 302 1996 485 2031; x_wconf 85' lang='lat' dir='ltr'>varietati</span> <span class='ocrx_word' id='word_1_250' title='bbox 515 2005 584 2040; x_wconf 87' lang='lat' dir='ltr'>par</span> <span class='ocrx_word' id='word_1_251' title='bbox 625 1995 770 2030; x_wconf 85' lang='lat' dir='ltr'>fuisset</span> <span class='ocrx_word' id='word_1_252' title='bbox 799 1995 1038 2040; x_wconf 84' lang='lat' dir='ltr'>excerpendi</span> <span class='ocrx_word' id='word_1_253' title='bbox 1068 1994 1275 2040; x_wconf 79' lang='lat' dir='ltr'>patientia3</span> <span class='ocrx_word' id='word_1_254' title='bbox 1314 2004 1402 2029; x_wconf 85' lang='lat' dir='ltr'>nam</span> <span class='ocrx_word' id='word_1_255' title='bbox 1433 1995 1507 2030; x_wconf 86' lang='lat' dir='ltr'>hoc</span> 
     </span>
     <span class='ocr_line' id='line_1_33' title="bbox 91 2050 1504 2098; baseline -0.002 -11"><span class='ocrx_word' id='word_1_256' title='bbox 91 2053 157 2098; x_wconf 87' lang='lat' dir='ltr'>„in</span> <span class='ocrx_word' id='word_1_257' title='bbox 187 2051 323 2098; x_wconf 89' lang='lat' dir='ltr'>primis</span> <span class='ocrx_word' id='word_1_258' title='bbox 354 2051 390 2086; x_wconf 89' lang='lat' dir='ltr'>ei</span> <span class='ocrx_word' id='word_1_259' title='bbox 421 2051 563 2095; x_wconf 78' lang='lat' dir='ltr'>defuit,</span> <span class='ocrx_word' id='word_1_260' title='bbox 593 2050 843 2096; x_wconf 88' lang='lat' dir='ltr'>locupletium</span> <span class='ocrx_word' id='word_1_261' title='bbox 874 2050 986 2096; x_wconf 89' lang='lat' dir='ltr'>copia</span> <span class='ocrx_word' id='word_1_262' title='bbox 1015 2050 1340 2085; x_wconf 89' lang='lat' dir='ltr'>adversariorum.</span> <span class='ocrx_word' id='word_1_263' title='bbox 1398 2050 1504 2086; x_wconf 87' lang='lat' dir='ltr'>Cae-</span> 
     </span>
     <span class='ocr_line' id='line_1_34' title="bbox 95 2106 1504 2155; baseline -0.002 -13"><span class='ocrx_word' id='word_1_264' title='bbox 95 2109 247 2155; x_wconf 76' lang='lat' dir='ltr'>„terum</span> <span class='ocrx_word' id='word_1_265' title='bbox 280 2117 326 2141; x_wconf 83' lang='lat' dir='ltr'>ea</span> <span class='ocrx_word' id='word_1_266' title='bbox 355 2106 488 2142; x_wconf 78' lang='lat' dir='ltr'>aderat</span> <span class='ocrx_word' id='word_1_267' title='bbox 518 2107 617 2142; x_wconf 89' lang='lat' dir='ltr'>bene</span> <span class='ocrx_word' id='word_1_268' title='bbox 646 2106 844 2141; x_wconf 86' lang='lat' dir='ltr'>scribendi</span> <span class='ocrx_word' id='word_1_269' title='bbox 875 2117 920 2141; x_wconf 85' lang='lat' dir='ltr'>ac</span> <span class='ocrx_word' id='word_1_270' title='bbox 940 2106 1158 2142; x_wconf 88' lang='lat' dir='ltr'>disserendi</span> <span class='ocrx_word' id='word_1_271' title='bbox 1189 2106 1374 2146; x_wconf 85' lang='lat' dir='ltr'>facultas,</span> <span class='ocrx_word' id='word_1_272' title='bbox 1404 2115 1504 2149; x_wconf 89' lang='lat' dir='ltr'>quae</span> 
     </span>
     <span class='ocr_line' id='line_1_35' title="bbox 93 2160 1506 2215; baseline -0.003 -17"><span class='ocrx_word' id='word_1_273' title='bbox 93 2173 195 2215; x_wconf 80' lang='lat' dir='ltr'>„non</span> <span class='ocrx_word' id='word_1_274' title='bbox 234 2163 345 2198; x_wconf 81' lang='lat' dir='ltr'>modo</span> <span class='ocrx_word' id='word_1_275' title='bbox 382 2162 535 2198; x_wconf 86' lang='lat' dir='ltr'>illarum</span> <span class='ocrx_word' id='word_1_276' title='bbox 572 2161 772 2208; x_wconf 88' lang='lat' dir='ltr'>penuriam</span> <span class='ocrx_word' id='word_1_277' title='bbox 811 2163 940 2197; x_wconf 82' lang='lat' dir='ltr'>(lotum</span> <span class='ocrx_word' id='word_1_278' title='bbox 981 2163 1208 2211; x_wconf 71' lang='lat' dir='ltr'>obtegeret,</span> <span class='ocrx_word' id='word_1_279' title='bbox 1247 2160 1316 2195; x_wconf 90' lang='lat' dir='ltr'>sed</span> <span class='ocrx_word' id='word_1_280' title='bbox 1348 2160 1506 2195; x_wconf 87' lang='lat' dir='ltr'>Literas</span> 
     </span>
     <span class='ocr_line' id='line_1_36' title="bbox 90 2215 1503 2270; baseline -0.003 -16"><span class='ocrx_word' id='word_1_281' title='bbox 90 2218 242 2270; x_wconf 82' lang='lat' dir='ltr'>„etiam</span> <span class='ocrx_word' id='word_1_282' title='bbox 279 2218 451 2253; x_wconf 84' lang='lat' dir='ltr'>Graecas</span> <span class='ocrx_word' id='word_1_283' title='bbox 489 2217 742 2264; x_wconf 86' lang='lat' dir='ltr'>complurium</span> <span class='ocrx_word' id='word_1_284' title='bbox 772 2218 1008 2263; x_wconf 85' lang='lat' dir='ltr'>Scriptorum</span> <span class='ocrx_word' id='word_1_285' title='bbox 1048 2217 1219 2253; x_wconf 87' lang='lat' dir='ltr'>editione</span> <span class='ocrx_word' id='word_1_286' title='bbox 1249 2215 1297 2250; x_wconf 88' lang='lat' dir='ltr'>ad</span> <span class='ocrx_word' id='word_1_287' title='bbox 1328 2225 1503 2250; x_wconf 92' lang='lat' dir='ltr'>commu-</span> 
     </span>
     <span class='ocr_line' id='line_1_37' title="bbox 93 2272 1503 2328; baseline -0.003 -19"><span class='ocrx_word' id='word_1_288' title='bbox 93 2284 208 2328; x_wconf 63' lang='lat' dir='ltr'>„nem</span> <span class='ocrx_word' id='word_1_289' title='bbox 238 2273 501 2321; x_wconf 84' lang='lat' dir='ltr'>cognitionem</span> <span class='ocrx_word' id='word_1_290' title='bbox 531 2273 729 2319; x_wconf 88' lang='lat' dir='ltr'>studiique</span> <span class='ocrx_word' id='word_1_291' title='bbox 766 2273 869 2318; x_wconf 89' lang='lat' dir='ltr'>apud</span> <span class='ocrx_word' id='word_1_292' title='bbox 910 2273 1052 2308; x_wconf 88' lang='lat' dir='ltr'>multos</span> <span class='ocrx_word' id='word_1_293' title='bbox 1081 2272 1362 2307; x_wconf 89' lang='lat' dir='ltr'>incrementum</span> <span class='ocrx_word' id='word_1_294' title='bbox 1392 2281 1503 2306; x_wconf 88' lang='lat' dir='ltr'>com-</span> 
     </span>
     <span class='ocr_line' id='line_1_38' title="bbox 91 2326 1501 2381; baseline -0.003 -16"><span class='ocrx_word' id='word_1_295' title='bbox 91 2330 333 2381; x_wconf 59' lang='lat' dir='ltr'>„mendareh</span> <span class='ocrx_word' id='word_1_296' title='bbox 387 2329 450 2364; x_wconf 89' lang='lat' dir='ltr'>Ad</span> <span class='ocrx_word' id='word_1_297' title='bbox 483 2330 554 2365; x_wconf 87' lang='lat' dir='ltr'>has</span> <span class='ocrx_word' id='word_1_298' title='bbox 583 2330 694 2364; x_wconf 88' lang='lat' dir='ltr'>dotes</span> <span class='ocrx_word' id='word_1_299' title='bbox 718 2339 832 2374; x_wconf 89' lang='lat' dir='ltr'>quum</span> <span class='ocrx_word' id='word_1_300' title='bbox 858 2328 1093 2376; x_wconf 82' lang='lat' dir='ltr'>adiungeret</span> <span class='ocrx_word' id='word_1_301' title='bbox 1121 2326 1397 2372; x_wconf 86' lang='lat' dir='ltr'>Philosophiae</span> <span class='ocrx_word' id='word_1_302' title='bbox 1429 2336 1501 2361; x_wconf 88' lang='lat' dir='ltr'>co-</span> 
     </span>
     <span class='ocr_line' id='line_1_39' title="bbox 119 2382 1501 2431; baseline -0.004 -10"><span class='ocrx_word' id='word_1_303' title='bbox 119 2386 332 2422; x_wconf 64' lang='lat' dir='ltr'>unitionem</span> <span class='ocrx_word' id='word_1_304' title='bbox 354 2385 552 2421; x_wconf 81' lang='lat' dir='ltr'>liberalem</span> <span class='ocrx_word' id='word_1_305' title='bbox 583 2384 736 2430; x_wconf 84' lang='lat' dir='ltr'>quidem</span> <span class='ocrx_word' id='word_1_306' title='bbox 767 2387 806 2419; x_wconf 89' lang='lat' dir='ltr'>et</span> <span class='ocrx_word' id='word_1_307' title='bbox 835 2385 1078 2431; x_wconf 79' lang='lat' dir='ltr'>elegantem3</span> <span class='ocrx_word' id='word_1_308' title='bbox 1107 2386 1259 2429; x_wconf 87' lang='lat' dir='ltr'>poterat</span> <span class='ocrx_word' id='word_1_309' title='bbox 1283 2392 1327 2417; x_wconf 88' lang='lat' dir='ltr'>se</span> <span class='ocrx_word' id='word_1_310' title='bbox 1347 2382 1410 2417; x_wconf 89' lang='lat' dir='ltr'>vel</span> <span class='ocrx_word' id='word_1_311' title='bbox 1429 2383 1501 2417; x_wconf 89' lang='lat' dir='ltr'>Iu-</span> 
     </span>
    </p>
   </div>
   <div class='ocr_carea' id='block_1_3' title="bbox 89 2412 1501 2494">
    <p class='ocr_par' dir='ltr' id='par_1_5' title="bbox 89 2412 1501 2494">
     <span class='ocr_line' id='line_1_40' title="bbox 89 2412 1501 2494; baseline -0.004 -16"><span class='ocrx_word' id='word_1_312' title='bbox 89 2412 381 2494; x_wconf 50' lang='lat' dir='ltr'>Zsseconsultum</span> <span class='ocrx_word' id='word_1_313' title='bbox 406 2441 470 2477; x_wconf 88' lang='lat' dir='ltr'>vel</span> <span class='ocrx_word' id='word_1_314' title='bbox 496 2441 755 2493; x_wconf 75' lang='lat' dir='ltr'>Theologum,</span> <span class='ocrx_word' id='word_1_315' title='bbox 784 2450 897 2486; x_wconf 86' lang='lat' dir='ltr'>quam</span> <span class='ocrx_word' id='word_1_316' title='bbox 915 2440 1080 2486; x_wconf 88' lang='lat' dir='ltr'>primum</span> <span class='ocrx_word' id='word_1_317' title='bbox 1100 2439 1175 2477; x_wconf 87' lang='lat' dir='ltr'>hoc</span> <span class='ocrx_word' id='word_1_318' title='bbox 1193 2448 1313 2488; x_wconf 82' lang='lat' dir='ltr'>agere</span> <span class='ocrx_word' id='word_1_319' title='bbox 1343 2437 1501 2484; x_wconf 85' lang='lat' dir='ltr'>coepis-</span> 
     </span>
    </p>
   </div>
   <div class='ocr_carea' id='block_1_4' title="bbox 88 2574 430 2662">
    <p class='ocr_par' dir='ltr' id='par_1_6' title="bbox 88 2574 430 2662">
     <span class='ocr_line' id='line_1_41' title="bbox 88 2574 430 2662; baseline 0.006 -16"><span class='ocrx_word' id='word_1_320' title='bbox 88 2618 116 2652; x_wconf 86' lang='grc'>·)</span> <span class='ocrx_word' id='word_1_321' title='bbox 143 2574 272 2656; x_wconf 55' lang='lat' dir='ltr'>odys-s.</span> <span class='ocrx_word' id='word_1_322' title='bbox 297 2629 328 2662; x_wconf 77' lang='grc' dir='ltr'>ρ,</span> <span class='ocrx_word' id='word_1_323' title='bbox 352 2619 430 2648; x_wconf 76' lang='lat'><strong>323.</strong></span> 
     </span>
    </p>
   </div>
   <div class='ocr_carea' id='block_1_5' title="bbox 174 2667 1125 2769">
    <p class='ocr_par' dir='ltr' id='par_1_7' title="bbox 174 2667 1125 2769">
     <span class='ocr_line' id='line_1_42' title="bbox 175 2667 1125 2716; baseline -0.001 -15"><span class='ocrx_word' id='word_1_324' title='bbox 175 2667 310 2709; x_wconf 57' lang='lat' dir='ltr'>‘&#39;Hp-cuv</span> <span class='ocrx_word' id='word_1_325' title='bbox 333 2671 400 2716; x_wconf 69' lang='grc' dir='ltr'>γάρ</span> <span class='ocrx_word' id='word_1_326' title='bbox 423 2671 451 2703; x_wconf 79' lang='grc' dir='ltr'>τ’</span> <span class='ocrx_word' id='word_1_327' title='bbox 477 2670 600 2716; x_wconf 74' lang='grc' dir='ltr'><em>ἀρετῆς</em></span> <span class='ocrx_word' id='word_1_328' title='bbox 624 2670 835 2703; x_wconf 75' lang='grc' dir='ltr'>ἀποαίνυται</span> <span class='ocrx_word' id='word_1_329' title='bbox 861 2668 1015 2713; x_wconf 74' lang='grc' dir='ltr'><em>εὐρύοπα</em></span> <span class='ocrx_word' id='word_1_330' title='bbox 1040 2667 1125 2704; x_wconf 67' lang='grc' dir='ltr'><strong><em>Ζεὺς</em></strong></span> 
     </span>
     <span class='ocr_line' id='line_1_43' title="bbox 174 2717 1116 2769; baseline -0.002 -13"><span class='ocrx_word' id='word_1_331' title='bbox 174 2723 334 2769; x_wconf 54' lang='grc' dir='ltr'>νΑνερος,</span> <span class='ocrx_word' id='word_1_332' title='bbox 359 2719 424 2758; x_wconf 73' lang='grc' dir='ltr'>εὖτ’</span> <span class='ocrx_word' id='word_1_333' title='bbox 451 2724 494 2758; x_wconf 77' lang='grc' dir='ltr'>οἶν</span> <span class='ocrx_word' id='word_1_334' title='bbox 516 2739 575 2765; x_wconf 83' lang='grc' dir='ltr'>μιν</span> <span class='ocrx_word' id='word_1_335' title='bbox 600 2724 686 2757; x_wconf 74' lang='grc' dir='ltr'>κατὰ</span> <span class='ocrx_word' id='word_1_336' title='bbox 713 2724 850 2757; x_wconf 73' lang='grc' dir='ltr'><em>δούλων</em></span> <span class='ocrx_word' id='word_1_337' title='bbox 875 2717 967 2769; x_wconf 67' lang='grc' dir='ltr'>ἦμαρ</span> <span class='ocrx_word' id='word_1_338' title='bbox 993 2724 1116 2765; x_wconf 70' lang='grc' dir='ltr'><em>ἕλῃσιν.</em></span> 
     </span>
    </p>
   </div>
   <div class='ocr_carea' id='block_1_6' title="bbox 89 2792 602 2834">
    <p class='ocr_par' dir='ltr' id='par_1_8' title="bbox 89 2792 602 2834">
     <span class='ocr_line' id='line_1_44' title="bbox 89 2792 602 2834; baseline -0.006 -9"><span class='ocrx_word' id='word_1_339' title='bbox 89 2792 130 2832; x_wconf 78' lang='grc'>”)</span> <span class='ocrx_word' id='word_1_340' title='bbox 161 2793 282 2825; x_wconf 76' lang='lat' dir='ltr'>Horat.</span> <span class='ocrx_word' id='word_1_341' title='bbox 308 2794 418 2833; x_wconf 82' lang='lat' dir='ltr'>Epist.</span> <span class='ocrx_word' id='word_1_342' title='bbox 441 2794 467 2834; x_wconf 83' lang='lat'>1,</span> <span class='ocrx_word' id='word_1_343' title='bbox 491 2794 524 2832; x_wconf 79' lang='lat'>2,</span> <span class='ocrx_word' id='word_1_344' title='bbox 548 2794 602 2823; x_wconf 79' lang='lat'>69.</span> 
     </span>
    </p>
   </div>
  </div>
 </body>
</html>
