1833 3237
855 196 1051 237 —108
1121 217 1178 227 -—-

298 317 434 362 „ptum
465 312 544 350 vidi
575 314 729 357 praeter
757 310 1084 346 Schurzsseischii
1107 309 1294 357 origines
1313 309 1578 359 pomeraniae,
1609 318 1710 358 quae

297 374 414 418 „sunt
443 370 483 405 in
514 368 598 403 eius
620 365 813 412 Operibus
832 366 1056 402 nistoriois.
1096 368 1203 402 Haec
1226 367 1408 402 bonorum
1425 368 1709 404 Historicorum

298 426 490 475 „penuria
511 422 622 465 facit,
638 425 681 457 ut
700 431 788 469 ego,
808 422 984 468 quamvis
1007 425 1045 457 et
1061 422 1303 457 Pomeranus
1328 423 1369 457 et
1387 422 1584 459 Historiae
1607 424 1709 460 Uni·

298 479 494 529 „versans
526 479 742 522 Professor,
772 478 916 513 nullius
945 482 1076 513 tamen
1105 477 1239 524 gentis
1270 477 1473 513 historiam
1501 478 1628 515 minus
1644 482 1712 514 te-

297 545 448 583 „neam‚
488 544 602 580 quam
641 534 793 579 patriae
832 543 956 569 meae.
1020 532 1338 579 Quandoquidem
1379 541 1474 569 vero
1505 534 1607 580 Tibi,
1637 535 1712 570 Vir

296 591 679 642 „praestantissime‚
709 590 837 635 placet
867 600 927 625 me
957 599 1111 635 quoque
1127 590 1167 625 in
1198 589 1362 624 eruditis
1392 589 1617 625 pomeranis
1641 600 1710 625 re-

298 656 513 696 „censere3
553 646 658 681 vitae
701 656 811 681 meae
851 646 1130 689 narrationem,
1162 645 1233 680 sed
1264 645 1436 681 breviter
1464 645 1709 690 strictimque

298 703 521 750 „scriptam,
558 701 697 738 adieci.
761 702 901 746 Neque
938 701 1040 736 enim
1077 704 1144 736 aut
1184 711 1329 748 eorum,
1373 701 1441 746 qui
1472 711 1578 737 nunc
1607 703 1712 749 sunt,

298 762 393 806 „aut
422 761 679 804 posterorum,
709 757 872 792 interest
895 757 1023 792 omnia
1054 756 1261 792 minutiora
1281 757 1399 792 scire.
1456 759 1566 793 Haec
1584 759 1714 792 tamen

298 816 362 863 „si
392 815 456 850 cui
486 824 561 849 non
592 814 797 849 sufficiant
826 812 875 847 ad
907 822 965 847 me
996 815 1120 847 totum
1150 812 1480 859 cognoscendum,
1510 813 1547 848 is
1564 812 1717 858 reliqua

297 874 429 918 „petat
460 880 482 905 e
510 870 622 905 libris
651 869 762 904 meis.
820 868 935 913 Vale,
970 868 1030 903 vir
1058 868 1264 913 plurimum
1294 868 1522 913 reverende,
1553 871 1593 904 et
1621 868 1713 914 quid

299 936 454 974 „rerum
485 935 585 972 agas
614 925 661 960 ad
692 935 754 960 me
785 924 954 960 subinde
985 924 1201 969 perscribe.
1260 925 1317 959 De
1346 934 1407 960 me
1437 925 1496 959 sic
1512 924 1715 969 Tibi-per-

300 982 508 1030 „suadeas,
539 991 612 1016 non
645 990 734 1016 esse
765 981 958 1016 hominem
989 980 1036 1014 ad
1068 980 1196 1015 omnia
1225 980 1438 1015 officiorum
1460 988 1608 1026 genera
1637 989 1717 1025 pa-

300 1038 524 1085 „ratiorem,
557 1041 597 1072 et
626 1037 760 1072 talium
792 1037 974 1080 virorum,
1005 1035 1132 1080 qualis
1149 1037 1209 1070 'Pu
1225 1045 1282 1085 eS,
1312 1035 1574 1073 amantiorem.
1617 1036 1714 1072 Dab.

302 1093 517 1141 „Lugduni
547 1093 792 1128 Batavorum.
822 1092 860 1127 d.
891 1090 934 1127 4.
965 1091 1066 1126 Nov.
1100 1089 1253 1127 1780.“

381 1194 391 1198 x
412 1169 557 1206 Incidit
595 1169 746 1206 Bellum
784 1168 1054 1205 Britannicum
1094 1171 1132 1204 et
1162 1167 1276 1203 simul
1307 1167 1460 1204 initium
1492 1167 1718 1204 dissensio-

300 1236 391 1262 num
428 1225 621 1272 civilium,
656 1225 795 1271 quibus
837 1225 966 1260 adhuc
1018 1224 1142 1271 patria
1181 1224 1331 1272 agitata
1369 1227 1448 1259 est:
1488 1234 1715 1270 quamquam

299 1282 452 1319 initium
491 1282 567 1317 suit
605 1286 744 1329 vetus,
788 1284 827 1316 et
863 1281 1072 1328 discordia,
1105 1282 1302 1326 ‘tamquam
1342 1279 1552 1328 ignissub
1584 1280 1716 1316 doloso

300 1338 434 1376 cinere
463 1338 602 1382 latens,
624 1334 666 1385 *)
705 1337 815 1372 11111110
845 1346 1063 1383 erumpenS‚
1095 1336 1207 1372 modo
1237 1346 1433 1387 repressa,
1463 1336 1619 1372 tandem
1648 1334 1716 1372 ino

200 1396 282 1433 180
301 1394 473 1432 excitata
502 1393 616 1439 bello,
644 1393 683 1429 in
715 1393 964 1428 manifestam
995 1393 1072 1429 vim
1103 1394 1369 1438 flammamque
1390 1393 1552 1431 exarsit.
1610 1393 1718 1436 Quae

299 1451 568 1488 dissensiones
599 1459 686 1486 cum
716 1459 786 1496 per
816 1459 949 1486 omnes
980 1449 1124 1485 civium
1157 1449 1312 1485 ordines
1334 1452 1547 1495 manarent,
1563 1458 1716 1497 cogna-

299 1508 443 1552 tiones,
485 1506 671 1557 familias,
708 1505 903 1542 amicitias
943 1505 1217 1556 dissociarent,
1259 1508 1299 1540 ut
1337 1505 1499 1541 difficile
1527 1507 1637 1540 esset
1665 1504 1716 1540 iis

300 1574 376 1600 non
414 1563 627 1609 implicar13
674 1571 817 1608 operae
865 1563 1030 1607 pretium
1080 1563 1141 1597 est
1181 1570 1436 1609 cognoscere,
1486 1561 1637 1607 qualem
1672 1570 1718 1597 se

299 1619 562 1657 Ruhnkenius
590 1618 679 1654 istis
709 1619 749 1654 in
780 1618 1079 1655 difficultatibus
1109 1617 1293 1666 gesserit.
1346 1617 1425 1654 Sed
1453 1627 1517 1654 res
1539 1617 1587 1653 ab
1608 1615 1719 1654 initio

301 1679 361 1712 est
390 1674 616 1721 repetenda.

413 1753 674 1789 Ruhnkenius
706 1752 936 1788 adolescens
965 1752 1004 1788 in
1037 1751 1257 1797 Germania,
1288 1751 1381 1796 quid
1413 1754 1546 1787 essent
1581 1749 1720 1787 civiles

302 1809 584 1850 dissensiones,
627 1818 701 1842 non
740 1808 815 1842 nisi
853 1817 903 1842 ex
943 1807 1119 1842 historiis
1161 1810 1417 1858 cognoverat,
1445 1807 1484 1842 in
1516 1806 1719 1843 Bataviam

301 1864 469 1913 delatus,
501 1874 543 1899 re
574 1865 613 1898 et
644 1863 747 1898 facto
779 1863 989 1908 experitur.
1029 1861 1150 1897 Videt
1179 1862 1276 1897 duas
1306 1872 1396 1897 esse
1424 1862 1463 1897 in
1491 1872 1533 1898 re
1563 1861 1719 1908 publica

302 1924 434 1957 sectas
473 1919 744 1956 adversarias:
791 1928 959 1954 amorem
999 1917 1150 1962 patriae
1201 1921 1243 1953 et
1282 1918 1498 1954 communis
1538 1917 1718 1954 utilitatis

301 1977 474 2012 studium
514 1978 716 2020 utramque
754 1984 847 2020 prae
895 1984 939 2009 se
980 1974 1194 2020 ferentem,
1239 1973 1396 2009 alteram
1443 1974 1720 2020 Nassavicam‚

302 2033 461 2069 alteram
493 2031 739 2081 Optimatum.
799 2030 980 2074 Putabat,
1023 2029 1096 2064 hoc
1127 2029 1182 2064 nil
1211 2029 1260 2064 ad
1292 2039 1335 2065 se
1365 2029 1575 2076 pertinere,
1603 2038 1719 2076 posse

303 2100 348 2126 se
379 2099 517 2125 novam
549 2087 712 2133 patriam
752 2095 882 2121 amare
913 2085 1077 2129 eiusque
1119 2085 1332 2121 commodis
1363 2085 1570 2123 consulere
1598 2085 1720 2123 insti-

303 2145 448 2181 tuenda
478 2144 694 2190 iuventute,
726 2141 854 2177 neutri
893 2140 1066 2176 deditum
1096 2143 1254 2187 sectae,
1291 2141 1433 2188 quippe
1464 2152 1563 2188 quae
1592 2141 1720 2188 magis

303 2202 494 2250 privatam
533 2209 646 2245 quam
686 2198 876 2244 publicam
909 2197 1119 2233 utilitatem
1148 2200 1382 2242 spectarent.
1439 2198 1540 2233 Mox
1567 2196 1721 2233 intelli-

302 2258 365 2305 git
395 2254 559 2292 difficile
589 2265 679 2290 esse
716 2253 937 2302 negotium,
981 2252 1126 2288 homini
1155 2252 1195 2287 in
1226 2252 1447 2298 frequentia
1478 2256 1517 2288 et
1547 2261 1721 2288 consue·

305 2313 439 2348 tudine
490 2312 709 2357 hominum,
751 2309 982 2356 praesertim
1029 2307 1291 2354 superiorum,
1343 2306 1544 2356 versanti,
1589 2312 1719 2355 eurum

305 2368 385 2404 sibi
422 2368 592 2415 gratiam
629 2366 844 2402 conciliare
883 2376 930 2401 ac
969 2363 1090 2411 tueri,
1139 2374 1212 2411 non
1249 2363 1341 2400 item
1381 2363 1545 2410 iisdem,
1570 2357 1720 2409 'quibus

305 2424 398 2472 ipsi,
427 2422 602 2470 partibus
631 2422 794 2458 faventi.
850 2421 990 2469 Igitur,
1021 2422 1060 2456 ut
1090 2431 1113 2455 a
1143 2415 1338 2467 principio
1363 2419 1406 2455 in
1428 2413 1579 2459 111111118-
1604 2419 1720 2461 aliis-

308 2489 382 2526 que
411 2480 591 2516 omnibus
619 2477 778 2524 studiis,
808 2477 858 2512 ad
889 2476 1177 2513 Hemsterhusii
1205 2486 1251 2512 se
1279 2475 1545 2512 auctoritatem
1575 2478 1721 2512 contu-

308 2537 420 2588 lerat,
459 2530 664 2571 constituit
703 2533 877 2571 eumdem
918 2532 1049 2569 civilis
1079 2535 1212 2568 sectae
1240 2535 1438 2568 auctorem
1468 2531 1589 2577 sequi.
1649 2530 1721 2567 nie

308 2680 338 2722 ')
364 2681 488 2712 Horat·
514 2678 630 2710 Carm.
656 2678 700 2717 ΙΙ,
725 2678 758 2717 1,
782 2678 816 2708 S.

716 2733 768 2764 Ee
792 2733 931 2765 incedis
953 2739 1021 2774 per
1046 2733 1149 2773 iynes

584 2778 805 2817 Suppositos
831 2779 947 2810 cineri
971 2777 1109 2809 doloso.
1157 2775 1446 2807 LINDEMANN.
