1816 3233
628 207 937 250 -217—

78 323 202 354 Luzac
225 319 383 359 (1⁰08st
407 321 492 353 adn.
515 321 593 353 215.
616 322 702 354 adn

76 368 198 398 Maass
222 364 265 407 (I.
278 366 318 398 G.
334 365 388 406 E.)
413 368 520 398 edidit
531 368 606 408 W)
611 368 798 399 ttenbachu
818 367 1008 407 praecepta
1025 367 1150 406 philos.
1164 365 1303 407 logicae
1315 365 1396 398 217.
1406 365 1492 398 adn.

78 412 226 451 Magnus
252 412 312 442 vir
337 413 405 442 nisi
430 421 450 442 a
475 420 600 453 magno
626 414 706 443 viro
732 413 867 444 laudari
891 414 993 452 digne
1018 420 1088 443 non
1113 415 1231 451 potest
1255 414 1290 443 3.
1335 435 1349 439 μ

58 456 206 493 ,Mahne
231 454 343 496 (Gnil.
367 457 558 497 Leonard.)
581 458 639 488 89.
663 457 748 487 adn.
783 457 1051 496 wyttenbachii
1084 457 1276 495 discipulus
1305 456 1384 488 277.
1414 458 1493 488 eius

145 501 301 533 Diatribe
336 501 378 531 de
410 503 629 533 Aristoxeno
663 501 749 532 ibid.
784 502 1056 541 WVyttenbachii
1089 503 1199 532 vitam
1235 503 1381 542 scripsit
1415 501 1492 534 152.

145 545 229 576 adn.
252 545 333 576 277.
356 545 441 576 adn.

77 591 189 621 Mallii
215 590 395 621 Theodori
417 590 561 621 libellus
585 589 628 621 de
651 591 775 622 Metris
799 591 842 621 ab
866 590 1091 631 Heusingero
1116 590 1232 622 editus
1258 590 1335 622 126.

77 635 255 666 Manutius
278 634 357 666 266.
382 635 466 666 adn.

77 679 306 711 Marklandus
330 681 481 718 ratione,
505 679 660 719 Toupius
686 680 845 720 ingenio,
870 679 1040 711 Criticam
1064 681 1272 711 factitantes
1295 679 1374 711 218.
1397 680 1493 712 eoetr.

146 724 346 755 Marklandi
371 724 701 756 animadversiones
726 725 769 756 de
794 727 922 757 mutuis
938 726 1038 756 Bruti
1062 728 1097 756 et
1114 725 1190 757 Cic.
1205 727 1308 765 epist.
1327 728 1362 758 et
1378 725 1494 757 eiusd.

142 770 277 809 aliquot
300 771 521 801 orationihus
543 770 621 800 219.

77 815 246 845 Matthaei
272 812 419 854 (Christ.
446 813 560 854 Frid.)
585 813 661 844 172.
687 814 765 844 232.

77 859 248 890 Matthiae
273 857 436 899 (Georg.)
462 859 555 890 Prof.
583 858 762 898 Goetting.
791 858 899 889 editio
924 858 1018 890 Celsi
1043 857 1119 890 191.

77 905 276 935 Maximiani
302 911 434 934 versus
458 904 646 935 laudantur
672 903 749 934 120.
774 903 860 934 adn.

76 948 355 980 Medenbachius
383 948 591 980 Wakkerus
616 948 692 979 160.

77 991 301 1024 Medicinam
323 994 498 1033 temporis
520 992 799 1032 repraesentare
822 992 966 1023 ratione
989 991 1022 1023 4.
1047 993 1125 1023 adn.

76 1038 301 1070 Meerheimii
325 1038 402 1078 (Fr.
427 1038 574 1070 Godoi'r.
597 1038 706 1078 Aug.)
740 1039 885 1070 litterae
919 1037 1138 1069 honorificae
1170 1037 1213 1069 ad
1238 1037 1378 1069 Ruhnk.
1403 1039 1494 1069 scri-

141 1085 224 1122 ptae
244 1083 324 1114 262.

77 1129 326 1159 Meermaunus
351 1126 532 1169 (Gerard.)
556 1126 612 1158 19.
635 1129 680 1158 Μ.
703 1129 818 1158 minor
841 1126 896 1157 21.
923 1126 1008 1158 adn.
1031 1126 1088 1158 44.

77 1172 290 1204 Meidanium
315 1173 469 1204 Arabem
495 1175 708 1212 scriptorem
733 1173 841 1204 edere
865 1173 1012 1210 parabat
1034 1172 1280 1203 Schultensius
1303 1171 1382 1204 209.

78 1217 248 1248 Meliores
271 1222 393 1256 partes
417 1226 507 1258 quae
531 1219 605 1248 siut
631 1220 664 1248 in
691 1226 763 1257 rep.
792 1217 866 1248 157.
891 1224 944 1256 sq.

77 1262 264 1302 Menagius
288 1261 449 1303 (Aegid.)
472 1263 554 1294 256.
567 1262 653 1294 adn.
678 1261 802 1294 brevia
824 1262 994 1302 quaedam
1017 1261 1165 1299 scripsit
1188 1261 1231 1293 de
1244 1261 1420 1303 Analogia
1438 1262 1495 1294 27.

78 1307 373 1339 Mendelssohnus
398 1306 453 1338 61.
1272 1331 1275 1334 .

77 1352 262 1383 Menkenii
286 1353 381 1392 [Ape.
404 1351 544 1383 libellus
568 1351 611 1383 de
635 1351 904 1383 Charlataueria
927 1350 1156 1382 Eruditorum
1181 1350 1237 1382 89.

78 1397 255 1429 Messalae
279 1398 426 1437 egregia
449 1400 486 1428 et
510 1397 649 1428 homine
673 1398 776 1428 Rom.
801 1397 907 1436 digna
930 1404 1003 1426 vox
1025 1395 1103 1426 257.

78 1442 255 1473 Meursius
281 1441 387 1482 (Ioh.)
415 1442 492 1473 196.
516 1440 596 1472 147.

78 1486 277 1517 Miltiades:
302 1486 378 1517 vid.
402 1486 630 1518 Themistocl.

78 1531 259 1562 Minerva:
282 1531 356 1562 vid.
381 1530 526 1562 Crassa-

79 1577 233 1607 Moeris:
255 1576 329 1607 vid.
354 1577 512 1608 Fischer.

77 1621 349 1653 Montfaueonus
373 1620 429 1652 52.

79 1666 265 1697 Morellius
287 1666 365 1696 232.

78 1711 219 1742 Mores:
243 1711 318 1742 vid.
341 1711 547 1742 Fortunam.

79 1756 244 1787 Munchu
234 1757 306 1786 ius
331 1758 500 1796 egregius
523 1755 725 1786 academiae
750 1755 932 1796 Goetting.
957 1757 1104 1787 curator
1128 1753 1207 1785 112.

82 1799 293 1832 Μιιηᾱαηιιε
316 1808 415 1841 suni:
442 1801 569 1832 dictum
596 1801 766 1839 Diogenis
791 1801 847 1831 93.
872 1805 907 1831 et
932 1801 1010 1831 adu.

82 1847 212 1877 Mureti
236 1854 345 1884 opera
370 1845 478 1877 edidit
500 1845 640 1876 Ruhnk.
665 1844 743 1894 199.
766 1845 845 1876 201.
883 1845 1009 1877 Latine
1033 1844 1213 1876 scribendi
1236 1844 1392 1876 facultas
1414 1841 1496 1876 201.

80 1935 306 1975 Musgravius
336 1932 462 1976 (Sam.)
501 1936 535 1965 et
572 1934 689 1972 '1'er
695 1935 800 1966 iuttus
831 1933 983 1974 (Thorn.)
1019 1933 1075 1965 71.
1113 1942 1191 1966 cum
1228 1935 1272 1964 iis
1306 1933 1497 1966 amicitiam

149 1982 260 2010 iunxit
285 1979 422 2010 Ruhnk.
447 1977 535 2009 ibid.
571 1978 620 2018 cf.
645 1979 723 2009 232.

83 2024 222 2064 Nepos:
250 2032 328 2055 eum
353 2022 494 2055 Ruhnk.
519 2027 623 2062 parat
646 2023 775 2054 edere:
811 2024 886 2054 eius
912 2023 1112 2062 fragmenta
1142 2023 1248 2054 simul
1272 2032 1351 2055 cum
1376 2024 1496 2056 libello

148 2069 259 2100 Mallii
284 2068 462 2100 Theodori
487 2068 530 2098 de
553 2070 679 2099 Metris
704 2068 799 2099 edita
822 2070 864 2099 ab
890 2068 958 2099 lac.
984 2069 1086 2099 Fred.
1108 2069 1346 2108 Heusingero:
1386 2070 1430 2100 lis
1455 2077 1498 2101 ea

149 2114 193 2145 de
218 2122 257 2145 re
283 2121 362 2145 cum
387 2113 549 2144 Klotzio:
586 2114 653 2145 alia
679 2113 721 2143 lis
754 2115 847 2144 inter
871 2112 922 2144 lo.
947 2114 1048 2144 Mich.
1075 2113 1335 2151 Heusinger-um
1362 2116 1397 2145 et
1421 2115 1498 2145 Au-

149 2160 280 2199 gustin.
312 2161 564 2198 &taverenum‚
602 2162 782 2198 uirumque
819 2158 967 2197 Nepotis
1007 2158 1181 2189 editorem
1222 2157 1300 2190 125.
1331 2166 1408 2200 sqq.
1437 2160 1494 2191 89.

149 2203 234 2234 adn.
263 2204 412 2242 Nepotis
437 2203 565 2234 dictum
590 2203 632 2233 de
657 2205 774 2234 Attico
798 2202 852 2233 16.
879 2211 990 2240 genus
1015 2203 1155 2234 dicendi
1179 2202 1257 2233 231.

80 2246 335 2289 Nequidquam
359 2252 394 2280 et
416 2248 704 2288 necquidquam:
737 2248 808 2278 vid.
836 2247 995 2278 Addend.
1022 2248 1065 2278 ad
1090 2246 1169 2278 115.
1195 2249 1297 2279 huius
1321 2249 1377 2281 ed.

80 2293 349 2325 Nieuwlandius
373 2292 450 2324 209.
474 2301 550 2333 sqq.
581 2295 657 2324 eius
682 2293 799 2324 obitus
823 2292 1040 2323 Ruhnkenio
1071 2298 1106 2323 et
1132 2293 1407 2331 Wyttenbachio
1431 2302 1498 2334 pa-

148 2339 238 2369 riter
262 2342 368 2378 atque
394 2339 595 2369 academiae
620 2338 730 2378 Lugd.
756 2341 790 2368 et
813 2338 928 2368 literis
952 2337 1133 2369 luctuosus
1157 2338 1238 2369 207.

79 2381 191 2415 Nosse
213 2391 250 2413 se
272 2382 391 2422 ipsum
413 2384 472 2415 32.

80 2428 276 2459 Numerare
302 2436 408 2466 pecus
433 2431 488 2458 est
513 2429 675 2467 pauperis
699 2426 775 2458 237.

38 2474 40 2477 ’
81 2472 225 2504 Oderici
251 2471 402 2510 libellus,
428 2481 494 2511 quo
520 2473 719 2503 Ruhnkenii
745 2474 920 2504 sententia
944 2473 986 2504 de
1010 2473 1114 2504 festis
1134 2472 1266 2504 Bacchi
1279 2473 1411 2505 Atticis
1433 2481 1495 2506 re-

149 2518 376 2555 prehenditur
400 2516 480 2549 171.

82 2560 204 2592 Officia
226 2562 384 2593 doctoris
408 2563 540 2601 publici
563 2563 621 2592 79.

83 2604 208 2636 Oleum
229 2607 305 2636 sine
327 2607 483 2645 strepitu
504 2606 618 2646 fluens
640 2605 719 2637 218.

81 2650 342 2688 Oosterdykius
366 2649 422 2692 (N.
449 2650 506 2691 G.)
532 2652 730 2683 medicinae
752 2651 942 2683 Professor
966 2653 1182 2684 clarissimus
1205 2651 1285 2685 273.
1310 2654 1405 2685 eoetr.

82 2694 254 2725 Oratores
278 2696 384 2726 Attici
407 2694 489 2727 142.
515 2695 595 2728 145.

82 2739 316 2779 Orphicorum
343 2742 534 2772 carminum
565 2741 672 2771 editio
703 2739 851 2770 Gesner.
881 2741 938 2771 83.
966 2748 1018 2781 sq.
1054 2741 1243 2782 Orphicum
1271 2743 1422 2775 libellum
1451 2742 1496 2774 de

148 2784 337 2824 Lapidibus
360 2785 465 2817 edidit
487 2786 710 2827 'l'yrwhittus
738 2783 815 2816 170.
839 2785 925 2816 adn.
