1833 3237
146 323 260 361 quam
288 311 345 351 illi
373 313 461 360 ipse
492 313 671 363 videret,
707 315 950 361 sequendum
982 316 1234 366 existimans,
1270 329 1334 356 res
1364 330 1458 357 suas
1487 330 1562 358 co-⁵

142 371 434 420 gitationesque
489 371 538 407 ad
595 371 874 418 profectionem
921 371 963 408 in
1000 374 1204 410 Bataviam
1250 380 1470 423 comparat3
1520 378 1561 413 in

144 427 281 474 primis
310 429 559 463 confirmatus
588 427 903 473 prudentissimis
933 428 1383 478 benivolentissimisque
1412 433 1561 469 adhor-

144 482 359 519 tationibus
395 483 684 519 duumvirorum
725 482 1108 531 Wittebergensium
1149 489 1189 521 et
1224 488 1406 534 Ernesti,
1445 490 1561 525 affir-

145 538 351 586 mantium,
389 548 576 585 nusquam
611 538 738 584 ipsius
777 539 980 575 doctrinae
1016 550 1090 576 sua
1138 544 1310 587 praemia
1355 544 1562 596 defutura3

145 594 289 640 quippe
328 605 449 642 quae,
487 594 563 630 nisi
604 594 709 640 apud
748 595 942 642 Batavos,
982 599 1091 632 certe
1133 598 1237 643 apud
1276 599 1491 636 Germanos
1523 600 1560 636 ei

143 654 280 696 parata
309 660 421 697 esse,
450 650 518 685 ubi
545 660 618 685 sua
647 660 691 685 se
721 651 1056 687 commendatione
1085 654 1314 702 effecturos,
1357 659 1400 692 ut
1437 648 1566 702 prima

145 715 321 752 quaeque
352 705 540 741 cathedra
570 707 607 741 ei
636 706 870 744 deferretur.

255 763 340 797 Hoc
370 761 549 807 exemplo
579 762 732 797 discant
753 763 931 810 iuvenes,
961 773 1124 808 quorum
1154 764 1389 801 rectissimis
1418 766 1562 802 studiis

141 819 328 864 parentes
357 817 626 853 obsecundare
655 820 735 865 aut,
765 828 853 854 cum
880 823 1066 866 possunt,
1097 821 1256 874 nolunt,
1285 822 1387 867 quod
1417 822 1561 858 Ruhn-

142 873 259 909 kenio
289 872 483 919 contigit,
507 875 596 919 aut,
626 882 713 907 cum
744 874 893 919 volunt,
925 884 1000 909 non
1030 880 1218 922 possunt,
1249 877 1352 922 quod
1381 877 1563 923 pluribus

145 929 263 965 etiam
293 927 453 963 evenire
483 927 606 963 solet:
642 928 798 963 discant
837 928 961 975 igitur
1000 939 1078 965 non
1119 931 1330 967 absterreri
1360 943 1384 966 a
1413 943 1562 978 propo-

145 984 242 1031 sito,
286 993 360 1020 nec
397 985 614 1029 temporum
654 984 925 1020 difficultatem
967 987 1035 1021 aut
1072 989 1273 1031 parentum
1311 997 1482 1023 errorem
1511 988 1561 1022 ad

142 1041 329 1088 ignavam
358 1038 517 1085 pietatis
549 1039 769 1085 opinionem
798 1038 1128 1088 interpreta1·i:*)
1160 1042 1317 1090 erigant
1346 1054 1390 1078 se
1412 1043 1561 1079 adver-

142 1107 212 1133 sus
242 1097 452 1142 fortunam,
483 1097 698 1140 sequantur
727 1095 921 1142 integram
952 1099 1127 1144 naturae,
1157 1097 1272 1134 immo
1293 1098 1379 1145 Dei,
1409 1109 1558 1135 vocem.
1577 1101 1629 1138 19

142 1154 217 1190 Est
252 1152 356 1187 enim
396 1151 572 1197 profecto
614 1152 720 1187 Deus
759 1152 801 1187 in
832 1152 943 1187 nobis
957 1148 1029 1200 ,**)
1068 1156 1176 1189 certe
1207 1154 1382 1190 divinum
1413 1155 1504 1200 quid
1535 1165 1560 1190 a

142 1210 224 1246 neo
255 1207 367 1243 nobis
396 1206 586 1257 inditum,
613 1207 762 1258 virtus,
794 1208 1001 1252 prudentia
1030 1211 1069 1244 et
1099 1210 1310 1256 fortitudo,
1342 1220 1418 1255 qua
1448 1221 1560 1246 suam

141 1264 218 1302 sibi
248 1263 414 1310 quisque
442 1262 558 1309 fingit
586 1262 795 1298 fortunam.
853 1264 932 1299 Sed
964 1274 1031 1300 eos
1062 1265 1149 1300 dico
1188 1265 1354 1301 iuvenes
1385 1266 1451 1311 qui
1480 1275 1560 1313 ge-

140 1330 283 1357 nerosa
323 1319 403 1355 nati
440 1318 594 1367 indole,
641 1318 798 1355 iuvenis
846 1319 972 1355 instar
1021 1317 1295 1369 Herculis***)
1337 1332 1361 1356 a
1401 1321 1562 1357 diversa

139 1377 334 1423 utrimque
363 1375 564 1411 sollicitati
593 1376 689 1421 Dea,
719 1375 878 1411 Virtute
908 1378 947 1411 et
975 1377 1154 1425 Ignavia,
1184 1378 1354 1413 audeant
1370 1376 1559 1414 ''laborio-

121 1442 224 1476 sam
265 1433 450 1482 virtutem
483 1431 591 1467 molli
628 1431 818 1477 ignaviae
856 1442 1116 1479 praeponere,
1149 1437 1188 1469 et
1224 1434 1280 1469 ita
1318 1435 1358 1470 in
1389 1434 1558 1469 animum

144 1499 257 1525 suum
286 1487 474 1524 inducere
503 1490 547 1523 ut
576 1497 711 1523 omnes
738 1487 894 1524 labores
926 1490 1141 1533 exantlare,
1172 1500 1305 1526 omnes
1335 1490 1559 1535 voluptates

144 1547 393 1580 contemnere
433 1553 509 1580 non
545 1547 751 1591 recusent,
791 1543 996 1580 dummodo
1036 1546 1276 1591 propositum
1325 1546 1558 1582 excellentis

143 1600 335 1636 scientiae
363 1601 534 1636 fructum
563 1602 863 1645 consequantur.
922 1602 1009 1637 Non
1040 1611 1106 1636 eos
1137 1602 1225 1637 dico
1253 1601 1432 1648 iuvenes,
1463 1611 1560 1646 quos

143 1666 259 1702 quum
290 1655 339 1690 ad
367 1655 444 1691 hoc
471 1655 601 1690 laudis
629 1656 704 1690 iter
738 1655 1037 1702 ingrediendum
1078 1657 1298 1704 hortamur,
1328 1667 1558 1702 quamquam

145 1712 187 1748 in
226 1711 335 1747 facili
373 1713 413 1745 et
441 1712 645 1755 parentum
672 1710 874 1745 voluntate
905 1714 943 1747 et
973 1712 1236 1748 subsidiorum
1265 1713 1399 1759 copia,
1429 1716 1558 1748 tamen

143 1766 383 1814 respondere
411 1765 606 1811 audimus,
637 1764 693 1801 Ac
720 1767 868 1801 nimius
896 1770 954 1802 esc
982 1767 1046 1802 hic
1076 1767 1213 1803 labor!
1250 1769 1425 1803 Nimium
1455 1771 1559 1804 lem-

141 1824 254 1870 poris
281 1822 400 1858 huius
427 1822 616 1858 scientiae
644 1821 822 1857 studium
848 1822 1053 1867 postulat!
1081 1823 1241 1858 Abeant
1268 1822 1336 1858 isti
1358 1823 1406 1858 ad
1438 1825 1559 1860 Deam

144 1877 369 1927 Ignaviam,
406 1878 524 1913 huius
563 1877 604 1913 in
640 1886 776 1922 campo
805 1880 1037 1931 pascantur,
1072 1881 1112 1914 et
1141 1889 1230 1915 cum
1259 1878 1406 1928 ignavo
1436 1880 1561 1927 vulgo

143 1935 263 1972 vitam
291 1934 499 1970 traducant
525 1932 704 1969 inertem.

145 2107 176 2147 ‘J
199 2110 252 2141 De
273 2110 341 2140 hoc
363 2109 447 2140 loco
470 2107 552 2149 quid
575 2109 652 2147 ipse
676 2108 930 2147 Wyttenbacli.
953 2108 1143 2149 scripserit
1174 2110 1211 2141 in
1244 2111 1346 2150 epist.
1371 2109 1414 2142 ad
1439 2110 1560 2150 Tyde-

189 2154 1559 2239 ἒαῖἳὲῗῗᾱψῖᾱἛῖἒῗῗὲῗῗὲ.ιέ’ἓίὶῇξῗε5ξέΓῖωέἳῗῗῖιέἶῐῖῒὲἕῗὶρῖέξὲξί-

191 2243 364 2283 „dendam
385 2243 542 2274 filiorum
565 2245 756 2283 pietatem,
786 2242 849 2273 sed
880 2242 924 2273 ad
948 2242 1191 2283 castigandam
1216 2246 1400 2282 parentum
1424 2244 1560 2283 impru-

191 2288 387 2329 „dentiamz
424 2290 540 2319 minus
565 2290 670 2319 etiam
700 2290 735 2319 in
761 2287 811 2317 Te
834 2288 1038 2327 similesque
1063 2289 1134 2326 tui,
1158 2287 1284 2319 doctos
1308 2293 1344 2319 et
1368 2288 1559 2326 prudentes

193 2337 350 2374 „pau-effi
374 2334 496 2370 valere
521 2335 648 2373 potest.
695 2331 897 2363 Ruhnkenii
925 2334 1089 2371 parentes
1113 2332 1245 2363 indocti
1270 2336 1370 2364 certe
1394 2333 1558 2364 fuerunt:

192 2379 256 2419 „et
278 2382 402 2418 postea
425 2385 529 2418 quum
552 2379 629 2417 ipse
656 2378 699 2407 iis
721 2377 927 2416 scripsisset
941 2384 981 2407 se
996 2376 1344 2416 Lugdnno-Batavae
1370 2377 1558 2409 cathedrae

192 2424 419 2464 „impositum
437 2429 532 2462 esse,
553 2422 639 2452 sassi
659 2423 742 2451 sunt
765 2428 845 2452 eum
867 2420 1133 2453 adolescentem
1150 2422 1238 2453 haec
1254 2422 1371 2453 studia
1383 2423 1471 2460 ipsis
1491 2429 1559 2453 no-

191 2468 371 2508 „lentibus
393 2466 673 2507 ingredientem,
698 2467 795 2497 recte
819 2465 968 2508 fecisse,
997 2470 1034 2498 et
1057 2467 1135 2506 plus
1159 2475 1260 2507 quam
1284 2469 1383 2505 ipsos
1413 2466 1558 2498 vidisse.

191 2512 282 2553 „Est
304 2507 390 2543 san'e
414 2511 561 2542 subinde
584 2513 622 2542 in
646 2511 933 2542 adolescentibus
956 2513 1112 2551 ignavia,
1137 2520 1226 2551 quae
1250 2520 1290 2543 se
1313 2513 1454 2551 pietatis
1478 2519 1561 2550 spe-

194 2559 275 2597 „cie
300 2558 395 2588 tueri
417 2558 546 2596 cupiat.
593 2557 773 2596 Equidem,
797 2556 925 2596 fateor,
949 2556 1140 2596 debebam,
1164 2560 1316 2588 mentem
1346 2565 1459 2588 meam
1484 2565 1560 2587 ma-

194 2603 275 2644 „gis
298 2603 488 2642 perspicue
512 2601 694 2641 explicare
718 2600 856 2637 verbi-*35
890 2608 935 2631 ne
959 2608 1146 2641 perperam
1175 2601 1438 2641 acciperetur.“
1486 2602 1560 2633 FR-

150 2664 198 2704 ‘⁸3
219 2669 392 2701 Veterum
414 2668 596 2708 placitum.
621 2667 799 2699 Plutarch.
824 2668 969 2706 Quaest.
992 2667 1082 2700 Plat.
1108 2668 1134 2698 1.
1160 2676 1191 2708 p.
1217 2668 1294 2700 999.
1328 2669 1369 2700 Ε.
1394 2669 1558 2700 Biblioth.

197 2711 282 2744 Crit.
307 2714 390 2746 Vol.
415 2713 475 2745 ΙΙΙ.
499 2713 595 2745 Part.
621 2712 648 2744 1.
673 2721 708 2751 p.
733 2712 786 2744 17.
811 2720 889 2751 seq.

154 2777 218 2815 ···)
241 2778 438 2822 xenophon
459 2781 545 2814 loco
567 2780 767 2821 notissimo,
790 2780 896 2812 Mem.
923 2780 1061 2812 Socrat-
1088 2779 1130 2820 u,
1154 2778 1187 2819 1,
1212 2778 1265 2811 19.
