1816 3233
648 188 952 228 -11'7—

81 305 340 344 Ruhnkenius
376 305 535 341 favebat
577 303 796 350 oppressis,
839 302 992 348 ipsique
1022 303 1068 338 ad
1108 302 1279 340 dolorem
1310 301 1490 350 insignis.

82 362 127 400 In
157 371 233 407 quo
271 371 385 406 quam
421 364 605 396 constans
643 359 762 395 fuerit
792 359 917 404 ipsius
947 358 1068 407 ratio,
1109 369 1222 404 quam
1263 359 1350 394 leve
1380 358 1491 406 vulgi

81 417 284 465 iudicium,
315 427 457 462 operae
489 416 651 461 pretium
683 418 742 450 est
771 424 1024 462 cognoscere.
1081 417 1251 451 Senatus
1275 415 1491 450 Academi-

82 483 154 509 cus
183 473 310 519 ipsum
341 476 379 508 et
411 472 619 508 Pestelium
650 474 826 506 oratores
858 470 1006 517 legavit
1036 470 1084 504 ad
1115 471 1310 506 exercitus
1342 471 1490 507 Borus-

78 529 168 576 sici,
189 528 381 564 adiutoris
399 528 716 574 Nassavicorum,
738 528 968 572 praetorem,
986 527 1133 561 Ducem
1153 527 1493 571 Brunsviccnsem‚

81 585 147 630 qui
178 585 215 620 ei
244 583 494 620 Academiam
525 580 851 627 commendarent,
884 584 1151 627 peterentque,
1193 585 1235 617 ut
1265 592 1413 618 omnem
1444 583 1492 617 ab
1540 575 1544 579 ’

80 640 337 677 ea.hostilem
367 640 444 675 vim
475 642 635 674 arceret.
693 638 820 674 Ecce!
852 638 976 673 exorti
1006 642 1108 685 sunt,
1139 638 1205 682 qui
1236 648 1322 674 eum
1353 648 1492 683 repre-

81 696 311 740 henderent,
341 695 443 741 quod
472 705 557 731 cum
589 694 754 741 collega,
782 693 1091 729 adversariarum
1123 697 1282 738 patrono
1314 693 1491 739 partium,

83 751 131 786 ad
162 762 320 787 suarum
351 760 620 796 oppressorem
653 750 777 796 legari
816 759 859 784 se
891 752 1098 794 pateretur.
1158 749 1343 785 Homines
1372 750 1494 795 inepti

79 810 120 842 et
148 817 275 842 rerum
305 806 495 852 imperiti!
533 806 655 849 Quasi
697 815 789 840 vero
819 807 989 840 Senatus
1028 805 1066 840 in
1103 808 1298 840 oratorum
1337 805 1492 840 delevtu

77 863 185 898 aliud
216 863 305 907 quid
327 865 547 906 spectasset
566 871 679 906 quam
699 864 879 907 aetatem,
910 861 1192 900 auctoritatem,
1223 871 1269 896 ac
1291 860 1492 895 doctrinae

78 920 240 964 famam,
286 927 445 962 quarum
494 926 621 952 rerum
661 915 993 951 commendatione
1031 916 1106 950 duo
1146 916 1186 950 hi
1227 916 1492 951 excellebant:

77 977 157 1018 aut,
188 974 300 1018 quasi
331 972 591 1008 Ruhnkenius
621 972 790 1007 delatum
819 971 896 1006 sibi
937 981 1076 1005 munus
1107 971 1299 1017 defugere
1331 970 1492 1005 honeste

79 1028 284 1075 potuisset.
345 1028 494 1064 Deinde
523 1027 804 1064 Gubernatoris
825 1026 945 1061 maior
975 1027 1092 1068 filiuS,
1123 1026 1359 1062 Guilielmus
1389 1027 1492 1061 Fre-

79 1084 250 1130 dericns,
283 1084 382 1128 patri
412 1083 631 1118 destinatus
661 1083 701 1118 in
732 1083 789 1118 rei
821 1082 1000 1128 publicae
1022 1082 1242 1127 principatu
1271 1091 1492 1128 successor,

77 1139 293 1175 studiorum
324 1149 467 1174 caussa
496 1139 534 1174 in
568 1139 669 1174 hanc
698 1140 831 1176 urbem
863 1138 1073 1173 habitatum
1114 1138 1234 1174 venit.
1295 1137 1359 1172 Ad
1391 1137 1494 1172 hunc

76 1195 244 1230 subinde
274 1195 518 1229 ventitabant
546 1195 756 1228 salutatum
787 1203 872 1228 cum
895 1193 962 1228 alii
988 1194 1096 1228 cives
1115 1196 1365 1237 utrarumque
1396 1201 1490 1237 par-

77 1251 186 1295 tium,
216 1252 297 1284 tum
320 1250 588 1284 Professores:
619 1249 658 1283 in
684 1249 746 1283 lris
766 1249 1040 1292 Ruhnkenius,
1071 1249 1137 1292 qui
1158 1251 1316 1292 propter
1335 1247 1489 1282 illorum
1504 1248 1583 1283 196

77 1302 350 1350 frequentiam,
391 1308 431 1340 et
471 1307 642 1339 veterem
678 1313 788 1339 suam
829 1303 869 1338 in
910 1303 1138 1338 celebritate
1178 1302 1360 1338 versandi
1391 1313 1490 1337 con-

78 1360 339 1404 suetudinem,
378 1360 453 1395 hoc
489 1359 659 1395 officium
699 1359 878 1395 omittere
908 1368 984 1394 non
1013 1360 1179 1403 poterat.
1241 1361 1373 1403 Atque
1405 1368 1490 1393 eum

78 1416 311 1453 Guilielmus
339 1415 588 1461 Fredericus,
620 1415 713 1451 licet
741 1415 828 1450 eius
859 1414 1006 1450 scholis
1049 1424 1121 1449 non
1154 1416 1343 1461 uteretur,
1383 1416 1499 1448 tanta-

76 1482 229 1517 semper
270 1472 508 1507 humanitate
546 1471 740 1518 excepit,
765 1475 806 1505 ut
847 1480 933 1506 eum
963 1469 1112 1517 insigni
1150 1479 1243 1515 prae
1284 1469 1374 1504 aliis
1404 1469 1490 1504 loco

76 1528 250 1574 haberet,
283 1537 355 1562 nec
383 1530 576 1572 tamquam
599 1537 684 1561 cum
706 1527 917 1562 salutatore
948 1525 1136 1573 officioso,
1167 1525 1234 1560 sed
1267 1525 1315 1560 de
1334 1524 1489 1568 biteris,

75 1586 119 1619 ut
149 1583 275 1619 cultor
304 1592 436 1618 earum
467 1593 553 1618 cum
585 1582 773 1629 antistite,
814 1582 988 1617 studiose
1018 1592 1064 1616 ac
1104 1584 1331 1616 reverenter
1362 1580 1490 1616 collo-

77 1642 275 1689 queretur.
346 1640 426 1674 noc
464 1639 648 1684 quosdam
688 1638 899 1684 pungebat,
931 1640 969 1672 et
1000 1637 1246 1679 Ruhnkenii,
1285 1641 1327 1670 ut
1357 1645 1489 1680 parum

24 1713 27 1715 >
78 1695 310 1741 constantis,
331 1694 680 1740 reprehensoribus
701 1693 962 1740 aggregabat.
1025 1693 1094 1728 Ille
1119 1702 1213 1727 vero
1233 1691 1369 1727 iudicii
1390 1701 1489 1726 con-

77 1750 320 1795 stantiaeque
350 1750 513 1795 optimas
543 1749 779 1794 sequebatur
807 1749 927 1784 «luces
959 1752 1134 1782 naturam
1158 1757 1203 1781 ac
1233 1747 1488 1792 prudentiam.

77 1807 252 1843 Recente
272 1806 402 1840 adhuc
422 1814 516 1840 casu
543 1814 590 1839 ac
608 1804 754 1855 dolore,
777 1804 874 1838 liaeo
901 1803 994 1837 mihi
1023 1803 1183 1848 scripsit
1206 1802 1242 1838 d.
1275 1801 1310 1837 8.
1335 1803 1489 1838 Ianuar.

79 1860 198 1898 1788.
237 1861 420 1907 „Utinam
452 1860 513 1896 vel
550 1860 679 1895 horam
711 1870 787 1894 una
818 1869 1009 1908 essemuS,
1039 1861 1094 1903 ut,
1125 1858 1189 1903 qui
1220 1862 1311 1892 tuus
1348 1858 1387 1893 in
1415 1859 1489 1893 hnc

76 1916 296 1967 „servitute
325 1927 467 1956 sensus
486 1917 550 1961 sit,
582 1925 872 1962 cognoscerem.
932 1915 1001 1949 Me
1021 1914 1174 1959 quidem
1195 1914 1292 1948 adeo
1317 1913 1488 1958 poenitet

77 1972 348 2026 ,‚Hollandiae‚
378 1975 421 2008 ut
450 1972 486 2007 si
515 1974 650 2007 Soram
682 1980 857 2012 vocarer,
889 1969 991 2003 sicut
1020 1969 1110 2003 olim
1140 1970 1180 2003 in
1210 1969 1329 2002 simili
1359 1978 1487 2003 rerum

76 2029 365 2080 ·‚‚conversione
405 2029 459 2063 Io.
497 2025 770 2071 Meursius,*)
808 2024 1064 2059 conditionem
1106 2024 1336 2068 acciperem.
1404 2024 1488 2059 Nec

78 2084 311 2132 „quidquam
344 2084 416 2118 hoc
446 2082 541 2127 reip.
574 2084 680 2116 statu
710 2091 770 2115 me
797 2080 1009 2115 delectavit
1029 2083 1182 2125 praeter
1209 2079 1485 2115 Bibliothecam

78 2142 208 2186 „tuam
239 2138 423 2175 Criticam
464 2158 515 2164 —
554 2137 594 2173 in
635 2136 768 2181 primis
808 2135 1167 2171 animadversiones
1206 2135 1245 2170 in
1283 2135 1487 2172 Iulianum.

77 2194 272 2242 „scriptas
300 2194 348 2228 ad
379 2204 462 2229 eam
493 2193 695 2242 rationem,
726 2202 838 2237 quam
871 2195 910 2226 tu
944 2191 1057 2227 fateri
1087 2191 1191 2226 soles
1222 2191 1318 2226 meis
1348 2190 1385 2224 in
1414 2189 1486 2223 ⁷1¹1-

76 2259 253 2297 „maeum
285 2250 388 2285 uotis
417 2249 487 2285 tibi
516 2259 604 2284 esse
634 2249 974 2286 demonstratam.“
1034 2245 1233 2293 Egregius
1270 2255 1365 2280 sane
1394 2244 1487 2280 mihi

76 2307 123 2342 ad
160 2306 397 2350 ‘voluptatem
438 2306 590 2340 fructus
620 2304 751 2345 studii,
792 2313 813 2337 e
853 2312 926 2346 quo
968 2305 1112 2336 tantum
1155 2301 1282 2335 solatii
1319 2302 1485 2335 frutetum

77 2361 336 2399 Ruhnkenius
375 2371 483 2396 meus
523 2360 762 2405 perciperet!
805 2357 1015 2407 Respondi.
1056 2368 1116 2392 me
1156 2356 1322 2392 nuncin
1354 2356 1485 2400 primis

77 2416 350 2455 Demosthenis
390 2416 628 2461 Philippicas
676 2418 714 2449 et
755 2413 953 2449 Ciceronis
994 2413 1180 2458 epistolas
1224 2413 1269 2447 ad
1312 2412 1484 2447 Atticum

76 2474 221 2520 legere.
279 2471 501 2508 Interiectis
538 2472 686 2515 aliquot
727 2469 938 2512 mensibus,
984 2480 1098 2514 quum
1139 2479 1226 2503 eum
1264 2468 1484 2512 inviserem,

78 2524 323 2576 ,‚Equidem<⁵
361 2528 487 2573 inquit
535 2530 596 2573 „et
636 2526 720 2570 ipse
761 2535 861 2560 nunc
899 2524 977 2572 legi
1009 2524 1209 2560 Ciceronis
1241 2534 1308 2558 eas
1340 2526 1574 2569 partes,197

78 2594 206 2633 „quae
235 2585 282 2619 ad
314 2584 457 2620 bellum
487 2583 604 2619 civile
626 2584 864 2617 reseruntur:
896 2581 1012 2616 movit
1043 2590 1102 2615 me
1132 2584 1346 2624 temporum
1372 2579 1486 2615 simi-

51 2749 54 2751 ,
77 2713 113 2751 ⁵)
138 2717 240 2745 Anno
267 2715 364 2746 1625.
392 2723 459 2754 quo
483 2723 580 2746 snam
606 2717 680 2753 ipse
706 2714 810 2742 vitam
838 2713 1058 2750 conscripsit..
1086 2711 1257 2750 ediditque
1284 2713 1317 2741 in
1336 2711 1483 2742 Athenis

124 2759 264 2790 Batavis
288 2768 320 2798 p.
348 2759 420 2790 194.
470 2757 702 2791 BERGMAN.
