1816 3233
853 179 1162 222 —162—

299 299 405 347 quod
442 299 581 345 postea
618 304 690 341 per
724 294 918 340 reliquum
957 294 1099 331 aetatis
1143 293 1334 342 spatium,
1370 293 1413 330 in
1453 294 1556 331 omni
1599 297 1718 343 motu,

301 357 487 404 incessu,
525 353 645 400 gestu
674 351 879 398 apparuit,
919 352 960 388 in
997 351 1138 397 quibus
1177 350 1323 386 decora
1361 351 1550 395 quaedam
1588 351 1719 388 inerat

300 412 472 449 facilitas
503 411 543 444 et
571 407 724 444 roboris
753 408 1002 456 significatio,
1060 407 1218 443 Illarum
1250 407 1572 444 exercitationum
1603 418 1717 444 unam

302 464 574 503 oblectationis
596 463 793 509 animique
820 474 961 500 caussa
981 463 1142 499 retinuit
1160 460 1482 510 venationem:*)
1513 474 1639 512 quam,
1670 463 1721 500 ad

302 525 514 559 extremam
539 530 666 567 usque
695 523 960 567 senectutem,
992 522 1100 555 tanto
1130 519 1258 555 studio
1299 519 1516 566 factitavit,
1553 525 1596 556 ut
1632 531 1721 556 am-

302 579 427 625 pliore
456 587 563 628 eam,
602 587 714 623 quam
757 587 825 623 pro
864 577 923 613 rei
962 576 1168 611 familiaris
1199 575 1333 621 modo,
1364 576 1540 621 impensa
1570 576 1722 613 instru-

302 637 509 680 mentoque
539 633 641 669 tueri
671 632 884 670 videretur.
944 634 996 668 Et
1025 632 1118 668 licet
1147 631 1358 667 universae
1397 631 1494 667 artis
1532 633 1721 668 rationem

303 693 450 733 nosset,
479 689 597 726 unice
627 692 756 725 tamen
787 699 833 725 eo
861 698 1009 736 genere
1036 688 1231 739 utebatur,
1263 688 1364 733 quod
1388 687 1519 736 longis
1548 688 1724 735 canibuS,

304 756 516 792 earumque
544 745 754 782 velocitate
784 746 970 790 capiendo
1001 744 1157 791 lepore,
1198 744 1431 780 continetur.
1490 745 1574 780 Hoc
1605 754 1724 780 unum

303 812 538 851 generosum
578 805 617 838 et
653 802 826 837 Batavae
866 805 993 837 terrae
1034 801 1230 847 proprium
1261 804 1549 848 cognatumque
1580 811 1723 837 cense-

304 860 372 896 bat
416 868 567 907 genus,
624 857 807 904 idemque
858 858 994 894 eodem
1041 856 1177 903 modo,
1224 857 1522 902 earumdemque
1569 867 1723 905 canum,

305 919 573 965 vertagorum,
604 924 678 950 usu
710 918 749 950 et
779 913 993 950 ministerio
1026 914 1310 960 frequentatum
1342 913 1382 948 in
1413 913 1584 957 Celtica,
1623 916 1725 950 teste

304 968 576 1018 Arriano:**)
616 970 780 1007 alterum
821 970 918 1006 illud
956 981 980 1004 a
1017 970 1279 1015 Xenophonte
1297 968 1379 1016 ***)
1419 969 1637 1016 proditum,
1675 969 1724 1004 ad

305 1028 408 1073 quod
447 1037 588 1073 canes,
636 1037 806 1074 sagaces
855 1026 1032 1071 quidem,
1079 1029 1207 1061 tamen
1248 1025 1440 1060 tardiores
1480 1025 1729 1071 adhibentur,

209 1083 290 1121 272
309 1082 433 1130 lepori
463 1082 564 1119 retia
594 1084 634 1117 et
669 1083 812 1130 plagae
842 1082 1078 1130 tenduntur,
1118 1082 1291 1129 sagittae
1329 1084 1368 1116 et
1405 1080 1539 1117 iacula
1576 1081 1726 1118 immit-

307 1143 463 1188 tuntur,
514 1138 661 1175 humile
707 1143 747 1174 et
785 1139 1003 1185 abiectum,
1051 1139 1370 1183 Graecorumque
1409 1137 1570 1185 ingenio
1617 1137 1727 1173 indi-

306 1206 442 1245 gnum,
476 1195 698 1240 iudicabat,
729 1205 801 1231 nec
833 1194 909 1231 nisi
940 1195 1180 1231 necessitate
1210 1194 1285 1230 soli
1315 1194 1487 1230 montani
1517 1204 1723 1230 excusan-

306 1253 409 1288 dum.
466 1253 706 1297 Quamquam
735 1252 775 1288 in
808 1251 882 1287 hoc
910 1250 1142 1287 recentioris
1172 1250 1313 1286 aetatis
1341 1250 1505 1297 missili,
1534 1251 1726 1301 sclopeto,

307 1319 379 1345 seu
408 1308 500 1344 tubo
540 1307 762 1356 ignivomo,
803 1307 1005 1344 tractando
1046 1310 1156 1343 tanta
1194 1307 1429 1344 dexteritate
1467 1307 1645 1353 valebat,
1683 1309 1727 1343 ut

306 1375 418 1401 avem
459 1364 638 1410 quamvis
683 1373 789 1412 vage
835 1364 1019 1410 varieque
1059 1363 1282 1400 volitantem
1330 1363 1491 1399 feriret:
1536 1367 1666 1399 tamen
1703 1373 1727 1397 a

306 1421 425 1469 longo
455 1421 547 1457 inde
578 1423 750 1466 tempore
781 1421 1058 1467 repudiaverat
1094 1421 1209 1456 huius
1248 1420 1470 1456 venationis
1508 1422 1726 1456 consuetu—

306 1478 459 1522 dinem,
497 1481 540 1513 ut
570 1477 668 1523 ipsis
705 1477 957 1513 venatoribus
986 1477 1204 1513 temeritate
1247 1487 1294 1511 ac
1325 1476 1572 1524 negligentia
1601 1476 1728 1513 comi-

306 1537 386 1570 tum
414 1534 635 1575 exitiosam,
665 1536 702 1569 et
732 1533 819 1580 ipse
850 1544 1038 1579 praesens
1069 1533 1279 1579 aliquando
1311 1536 1503 1579 expertus
1533 1542 1628 1568 casu
1660 1533 1728 1568 fa-

306 1590 471 1627 miliaris
502 1589 685 1636 hominis,
716 1599 740 1624 a
759 1591 913 1636 comite,
945 1590 1163 1636 sclopetum
1182 1590 1341 1626 incaute
1371 1591 1589 1639 tractante,
1621 1598 1728 1625 mor-

305 1647 425 1683 tifera
455 1646 666 1683 emissione
697 1646 908 1682 vulnerati.
951 1647 1080 1695 Igitur
1110 1655 1185 1682 non
1217 1645 1296 1682 nisi
1326 1646 1503 1693 vei-tagis
1534 1646 1728 1690 utebatur,

305 1704 434 1749 iisque
464 1699 831 1749 nominaqmnebat,
862 1714 912 1739 ex
942 1706 1152 1749 praecepto
1179 1700 1546 1752 Xenophontis‚†)
1576 1703 1730 1739 Graeca

308 1759 526 1806 disyllaba,
566 1769 735 1810 sonora,
776 1769 876 1804 quae
914 1760 1033 1795 facile
1071 1759 1122 1794 ad
1161 1770 1278 1796 aures
1317 1769 1455 1794 canum
1486 1759 1725 1796 acciderent.

307 1817 361 1853 Et
390 1826 484 1851 vero
515 1825 634 1852 canes
664 1825 716 1850 ex
758 1815 832 1851 hoc
870 1824 1020 1861 genere
1062 1815 1228 1851 habebat
1267 1815 1477 1862 egregias,
1518 1815 1557 1851 in
1599 1815 1729 1860 iisque

309 1871 505 1919 emendis,
537 1871 708 1916 alendis,
737 1870 1011 1916 instituendis,
1043 1882 1114 1907 nec
1135 1881 1276 1916 operae
1307 1881 1380 1907 nec
1410 1870 1556 1907 sumtui
1585 1881 1728 1917 parce-

307 1929 394 1965 bat:
426 1928 514 1975 hae,
546 1928 585 1963 in
614 1927 783 1963 venandi
814 1927 1020 1973 societate,
1050 1927 1140 1962 aliis
1172 1927 1336 1963 aliorum
1367 1928 1530 1963 canibus
1561 1927 1727 1972 palmam

307 1984 618 2031 praeripiebant:
657 1983 743 2029 ipse
782 1993 851 2019 eas
889 1983 1050 2019 hortans
1087 1983 1338 2030 sectabatur,
1377 1984 1508 2019 fossas
1548 1983 1727 2029 quamvis

307 2041 410 2076 latas
445 2043 484 2076 et
513 2050 615 2086 aqua
643 2040 803 2087 plenas,
843 2050 1003 2085 quarum
1035 2040 1155 2076 ductu
1185 2039 1486 2086 frequentiaque
1515 2040 1603 2088 agri
1633 2050 1730 2086 pra-

308 2101 427 2142 taque
456 2096 736 2141 terminantur,
778 2096 1050 2142 transsiliens,
1093 2096 1300 2143 omniaque
1342 2096 1439 2133 artis
1469 2106 1632 2133 munera
1659 2097 1729 2132 in-

309 2157 392 2189 star
420 2152 674 2200 promtissimi
713 2152 904 2198 cuiusque
933 2152 1007 2188 rite
1038 2152 1175 2188 obiens
1216 2157 1256 2188 et
1286 2163 1521 2199 exsequens,
1579 2154 1728 2199 Atque,

308 2213 351 2245 ut
381 2209 484 2246 inter
514 2210 650 2246 doctos
680 2209 857 2245 homines
887 2208 1070 2255 princeps
1094 2209 1317 2245 Literarum
1349 2210 1641 2256 celebrabatur,
1671 2209 1730 2245 ita

309 2266 411 2311 apud
448 2266 628 2301 indoctos
667 2268 705 2301 et
747 2269 955 2301 venatores
994 2269 1156 2301 venator
1205 2269 1390 2301 strenuus
1430 2264 1730 2311 victriciumque

311 2332 448 2358 canum
478 2321 658 2357 dominus
688 2322 899 2358 ferebatur.
957 2324 1007 2358 Et
1036 2321 1253 2369 gaudebat,
1294 2331 1339 2357 se
1369 2321 1442 2357 hac
1471 2321 1585 2356 etiam
1616 2321 1656 2356 in
1686 2331 1729 2357 re

211 2374 476 2415 273simi1e'm
507 2387 597 2414 esse
626 2378 785 2424 Iosephi
815 2378 1036 2426 scaligeri,
1074 2378 1140 2424 qui
1173 2379 1213 2414 in
1244 2378 1374 2414 Gallia
1412 2377 1540 2413 adhuc
1577 2377 1729 2425 degens

310 2435 404 2470 item
434 2434 602 2470 venandi
633 2434 764 2470 studio
795 2434 952 2471 deditus
982 2434 1157 2471 fuisset}
1189 2435 1354 2480 eiusque
1383 2434 1502 2470 vitam
1543 2434 1728 2470 conscri-

310 2490 404 2526 bere
443 2495 483 2526 et
511 2490 862 2527 Hemsterhnsiano
901 2491 1045 2540 Elegio
1085 2491 1324 2538 adiungere,
1363 2489 1570 2536 aliquando
1607 2490 1727 2536 cogi-

310 2547 427 2585 tabat.
487 2547 709 2593 Scriptores
749 2547 866 2583 etiam
904 2548 981 2585 Rei
1016 2547 1237 2584 Venaticae
1274 2548 1446 2584 Graecos
1487 2549 1525 2582 et
1563 2546 1727 2584 Latinos

310 2645 340 2679 ³)
367 2644 421 2676 Cf.
438 2651 546 2683 supra
563 2654 641 2684 pag.
657 2645 734 2677 256.
754 2646 809 2678 ed.
829 2655 881 2686 pr.
910 2647 982 2679 FB.

311 2689 357 2726 ⁸')
382 2690 435 2720 De
457 2690 662 2722 Venatione
681 2693 714 2732 3,
745 2695 778 2722 6.

310 2732 370 2772 ῃ·)
384 2733 424 2765 ln
440 2734 530 2765 libro
550 2734 601 2767 De
620 2736 833 2769 venatione.

312 2776 356 2822 ἡ)
376 2778 505 2811 Ibidem
528 2779 562 2821 7,
588 2782 622 2811 5.
