1833 3237
632 183 912 222 *gl-

72 306 170 344 rum,
198 294 530 345 Scholiastarum,
559 297 715 346 glossas
745 295 925 345 cognitas
956 300 1258 346 perspectasque
1295 298 1478 347 habebat,

71 363 283 399 earumque
302 354 433 389 fontes
462 356 503 389 et
532 354 643 400 quasi
673 353 948 389 successiones
979 365 1080 390 unus
1112 355 1278 392 omnium
1312 353 1478 392 maxime

73 410 245 446 tenebat.
316 410 600 446 Valckenarius
638 410 764 445 minus
803 410 1003 455 aliquanto
1037 411 1266 448 ineditorum
1310 413 1477 459 cupidus

72 465 277 514 librorum,
318 465 436 502 editis
467 467 550 502 t’ere
579 468 810 512 contentus,
841 477 987 502 omnem
1019 466 1109 502 item
1141 478 1190 503 ex
1219 469 1269 504 iis
1300 470 1477 505 omnibus

72 521 273 558 materiam
300 524 563 568 excerpserat,
595 532 756 568 eamque
786 525 987 568 praeterea.
1016 523 1202 559 retulerat
1232 525 1278 560 ad
1309 525 1477 561 interio-

73 588 153 614 rem
185 577 377 626 Linguae,
408 577 686 629 Dialectorum,
716 578 937 626 Analogiae
968 582 1008 615 et
1037 579 1228 626 originum
1259 581 1476 627 seientiam,

71 644 147 679 qua
176 634 304 680 ipsum
330 633 435 670 adeo
465 633 692 681 magistrum
717 635 781 671 vel
819 639 1019 681 superaret
1050 635 1111 671 vel
1142 640 1247 672 certe
1277 641 1476 683 aequaret.

70 689 178 726 Idem
207 691 247 727 in
288 690 436 727 Critica
476 690 590 726 etiam
622 701 753 734 saera,
791 691 964 728 Historia
1005 691 1311 738 Ecclesiastica,
1342 694 1476 729 Patri-

68 746 162 793 bus,
204 746 387 788 valebat,
434 747 716 793 Ruhnkenius,
764 748 940 794 exceptis
974 748 1152 784 Patribus
1193 749 1264 795 iis,
1305 749 1368 795 qui
1401 750 1474 784 ali-

69 812 184 847 quam
223 813 310 838 cum
341 803 540 838 doctrinae
571 804 767 851 elegantia
798 805 1108 840 coniunctionem
1139 805 1348 849 haberent,
1376 806 1475 842 reli—-

68 868 184 903 quum
225 858 300 894 hoc
337 867 466 906 genus
504 858 644 894 leviter
683 859 878 907 attingere
919 861 1125 906 maluerat,
1166 861 1282 906 idque
1322 862 1476 898 abunde

69 914 332 960 conpensabat
364 913 705 960 Philosophorum,
735 916 991 960 Interpretum
1024 916 1310 952 Platonicorum
1342 922 1380 952 et
1410 919 1473 953 A-

68 969 385 1017 ristotelicorum,
415 971 782 1016 lureconsultorum,
815 972 1108 1024 nistoricorum,
1139 973 1473 1019 Antiquariorum,

67 1026 353 1062 Numismatum
407 1029 445 1061 et
493 1028 819 1074 Inscriptionum,
874 1028 1111 1076 cognitione.
1190 1030 1340 1065 Neuter
1396 1032 1470 1065 tam

66 1083 310 1129 praeclarum
354 1082 445 1128 quid
475 1083 674 1129 ediderat,
716 1084 806 1130 quin
839 1084 957 1133 alter,
998 1084 1123 1130 quoad
1157 1089 1375 1121 naturarum
1407 1086 1472 1121 di-

67 1138 237 1175 versitas
267 1139 429 1184 ferebat,
460 1138 558 1175 idem
591 1141 723 1175 facere
745 1140 920 1186 potuisse
951 1141 1173 1188 videretur,
1202 1141 1236 1177 si
1267 1142 1399 1178 eodem
1432 1142 1470 1177 in

67 1198 298 1242 argumento
328 1187 499 1230 lahorem
529 1205 759 1241 operamque
791 1207 934 1241 ponere
964 1168 1175 1232 voluisset}
1212 1207 1285 1232 nec
1314 1198 1469 1233 dubium

66 1252 150 1287 erat
178 1250 271 1296 quin
299 1250 395 1286 alter
424 1250 585 1286 alterius
616 1252 836 1287 cathedram
871 1263 1010 1288 ornare
1041 1257 1195 1300 posset,
1238 1254 1269 1289 si
1301 1254 1337 1288 ei
1367 1253 1470 1289 obti-

66 1306 204 1354 gisset.
261 1306 389 1343 Huius
418 1307 476 1343 rei
504 1307 775 1343 documentum
821 1308 1078 1345 Ruhnkenius
1109 1310 1214 1344 sacto
1245 1313 1282 1345 et
1312 1310 1469 1354 scriptis

66 1362 192 1398 dedit:
236 1363 525 1399 Valckenarius
557 1367 598 1399 ut
628 1365 761 1416 daret,
788 1365 897 1400 locus
927 1369 1156 1411 tempusque
1186 1375 1259 1401 non
1293 1367 1467 1412 postula—
1490 1362 1572 1397 136

64 1421 168 1455 runt.
229 1419 390 1455 Latinos
429 1420 649 1466 Scriptores
680 1421 743 1456 hic
774 1431 905 1457 omnes
936 1422 1110 1469 leg-erat,
1154 1422 1321 1467 indeque
1350 1423 1468 1468 quid-

65 1475 158 1521 quid
188 1475 236 1510 ad
257 1473 430 1512 Graecos
460 1477 673 1523 pertineret
702 1477 921 1523 Scriptores
952 1477 1206 1514 illustrandos
1237 1479 1468 1525 collegerat:

67 1531 348 1576 Ruhnkenius,
393 1531 427 1568 si
465 1532 619 1579 quidem
657 1544 703 1570 ea
733 1538 817 1570 erat
847 1534 882 1570 ei
914 1537 951 1570 et
991 1535 1162 1570 muneris
1201 1535 1394 1580 professio
1432 1539 1470 1570 et

65 1587 252 1624 iuvenilis
281 1588 502 1635 disciplina,
530 1589 690 1636 uberi-us
720 1594 759 1625 et
788 1590 837 1625 ad
867 1590 1086 1626 interiorem
1119 1591 1370 1635 criticamque
1400 1601 1467 1625 ra-

65 1643 224 1692 tionem,
248 1640 290 1680 ’ln
323 1653 446 1690 eoque
475 1653 621 1691 genere
652 1645 832 1691 princeps
861 1646 1033 1689 exstitit,
1064 1657 1163 1692 quae
1193 1646 1279 1682 eius
1310 1647 1467 1692 praeci-

65 1710 142 1746 pua
173 1702 234 1736 est
262 1700 369 1735 laus:
400 1704 440 1736 et
470 1701 656 1745 Graecas,
687 1705 727 1736 et
757 1702 916 1737 Latinas
948 1702 1102 1738 Literas
1132 1706 1324 1747 tamquam
1363 1706 1468 1753 ἔργον

64 1759 103 1791 et
130 1756 243 1792 finem
273 1756 483 1792 tractabat:
524 1757 808 1792 Valckenarius
847 1758 1006 1794 Latinas
1040 1760 1082 1793 ut
1120 1758 1324 1808 πάρεργον,
1363 1761 1469 1794 certe

65 1811 193 1860 magis
221 1814 264 1848 ut
294 1811 577 1856 adiumentum,
607 1822 718 1858 quam
748 1816 791 1848 ut
830 1815 956 1850 finem.
1013 1813 1162 1861 Igitur,
1202 1817 1245 1849 ut
1274 1814 1313 1849 in
1344 1814 1469 1850 robu-

64 1868 321 1904 stissimorum
352 1869 437 1914 pari
465 1869 712 1916 athletarum,
742 1879 901 1915 quorum
932 1869 1030 1905 alter
1060 1873 1119 1905 est
1140 1869 1363 1918 ἀμφιδέξιος,
1394 1881 1465 1906 ae-

55 1933 140 1970 rque
175 1935 288 1960 manu
320 1925 455 1960 valens
485 1926 671 1970 utraque,
716 1925 814 1960 alter
853 1926 1014 1961 dextera
1053 1925 1178 1972 magis
1211 1936 1323 1970 quam
1363 1926 1467 1962 sini-

67 1983 169 2027 stra,
209 1991 359 2016 summa
387 1983 516 2016 tamen
555 1990 812 2026 mensuraque
853 1981 992 2016 virium
1024 1982 1062 2016 in
1093 1985 1257 2027 utroque
1291 1982 1466 2028 aequalis

66 2039 248 2072 constare
271 2036 446 2072 videtur·
476 2036 589 2072 itahi
619 2035 716 2083 viri,
747 2037 781 2073 si
811 2037 848 2072 in
881 2040 1074 2073 certamen
1104 2038 1270 2073 invicem
1293 2038 1462 2074 descen-

66 2092 239 2127 dissent:
280 2094 508 2138 quamquam
539 2102 585 2128 ea
614 2095 697 2128 erat
743 2092 782 2128 in
813 2096 977 2140 utroque
1008 2097 1045 2130 et
1074 2093 1190 2130 animi
1224 2094 1464 2142 magnitudo,

67 2151 106 2184 et
144 2152 279 2184 mutua
317 2148 592 2195 benivolentia,
633 2152 675 2185 ut
713 2150 1013 2186 concertationis
1055 2154 1123 2185 aut
1162 2150 1371 2186 rivalitatis
1415 2161 1464 2185 ne

66 2203 223 2240 minima
251 2203 405 2249 quidem
435 2204 475 2240 in
505 2214 638 2240 eorum
668 2205 859 2241 mentibus
889 2206 952 2242 vel
983 2205 1169 2252 cogitatio
1198 2206 1261 2242 vel
1290 2205 1465 2252 suspicio

67 2260 299 2296 exsisteret:
330 2260 397 2296 sed
428 2263 555 2297 tamen
585 2262 620 2297 si
637 2262 677 2297 in
698 2264 892 2297 certamen
924 2261 1233 2307 descendissent,
1261 2262 1299 2297 in
1321 2261 1462 2298 Ruhn-

65 2315 182 2353 kenio
232 2316 506 2363 apparuissent
554 2321 594 2353 et
633 2318 739 2353 vires
787 2320 826 2353 et
865 2317 1108 2354 concinnitas
1147 2317 1384 2366 agilitasque
1420 2319 1461 2354 in

67 2376 186 2419 motu,
215 2373 354 2419 quibus
385 2373 652 2409 adversarium
682 2376 887 2421 urgueret:
912 2371 952 2421 *3
995 2374 1281 2410 Valckenarius
1320 2385 1391 2410 suo
1419 2374 1459 2410 i·-

65 2439 136 2474 pse
165 2439 209 2464 se
239 2429 412 2475 pondere
441 2440 488 2464 ac
516 2430 653 2465 robore
683 2430 798 2477 tueri,
830 2440 1056 2476 omnemque
1085 2430 1300 2466 adversarii
1330 2431 1456 2476 impe-

65 2489 144 2520 tum
174 2486 378 2521 confutare
408 2485 617 2521 videretur.

176 2543 260 2577 Hoc
291 2541 330 2577 in
361 2542 540 2589 materia,
581 2542 705 2578 maius
737 2541 850 2579 etiam
890 2542 929 2577 in
960 2543 1081 2578 forma
1122 2544 1203 2577 erat
1241 2542 1462 2578 discrimen.

66 2596 110 2632 In
150 2597 354 2634 scribendo
386 2598 693 2646 explicandaque
733 2599 907 2635 doctrina
951 2598 1209 2634 Ruhnkenius
1255 2598 1462 2635 adhibebat

66 2651 274 2700 delectum,
303 2654 488 2701 ordinem,
520 2657 663 2691 certam
687 2656 726 2692 in
757 2656 873 2692 rebus
904 2653 1154 2700 disponendis
1184 2664 1230 2690 ac
1259 2654 1553 2692 disserent-13?

61 2771 92 2811 ‘J
116 2775 300 2814 Bergman.
327 2775 381 2806 ed.
405 2750 563 2818 urqieret.
614 2777 668 2809 Cf.
692 2777 783 2808 infra
808 2776 861 2808 ed.
889 2784 940 2816 pr.
963 2783 1041 2816 pag.
1070 2775 1144 2808 148.
1190 2776 1265 2807 ΕΒ.

1161 2832 1183 2865 6
