1833 3237
848 184 1177 220 —40-

297 302 396 338 duae
428 301 466 337 in
500 299 632 347 primis
664 299 774 332 erant
804 296 1145 341 frequentissimae
1172 295 1578 343 instructissimaeque
1608 297 1714 334 anti-

300 359 388 404 quis
406 356 606 393 codicibus
628 351 810 398 scriptis:
837 353 977 402 altera,
1000 352 1232 400 cognomine
1252 352 1399 397 Rvyia:
1431 354 1553 389 altera
1572 355 1715 389 Sancti

303 413 494 451 Germani
524 412 563 444 in
592 409 798 455 P1·ate'3,*)
831 409 1169 445 Benedictinorum
1201 418 1221 442 e
1252 410 1558 456 congregatione
1580 410 1716 445 Sancti

297 469 444 505 Mauri.
506 467 714 510 Utramque
745 475 767 499 e
799 465 1003 511 catalogis
1033 465 1087 499 ita
1118 464 1193 498 iam
1225 465 1420 509 cognitam
1445 470 1716 511 perspectam-

299 534 373 569 que
405 523 571 558 habebat
603 521 886 566 Ruhnkenius,
918 531 965 554 ac
995 520 1030 554 si
1060 520 1099 554 in
1131 530 1178 554 ea
1212 519 1415 554 habitaret.
1474 521 1625 568 Regiae
1657 522 1716 556 bi-

297 579 540 624 bliothecae,
583 577 703 613 multo
736 578 852 611 etiam
891 586 1004 621 quam
1037 576 1160 610 altera
1203 575 1356 610 ditioris
1397 586 1443 610 ac
1482 577 1715 624 refertioris⁷

299 634 459 680 scriptis
491 633 693 669 codicibus
725 633 952 677 praefectus
983 635 1066 666 erat
1098 631 1454 677 Capperonnerius,
1486 632 1607 676 quiin
1628 632 1718 676 ple-

299 691 432 735 risque
462 700 594 725 eorum
623 688 881 733 excerpendis
912 692 976 721 aut
996 687 1266 722 describendis
1299 687 1431 722 utilem
1462 687 1536 722 iam
1563 697 1720 733 operam

301 749 513 781 navaverat
546 744 865 787 Hemsterhusiffi
898 742 1102 787 DorvilliO,
1132 742 1325 786 Albertio,
1354 743 1431 786 ipsi
1462 743 1713 787 Ruhnkenio,

300 802 390 837 aliis
420 803 526 837 item.
583 802 621 835 Is
653 800 817 834 oblatam
839 798 995 844 gratiae
1026 798 1113 833 loco
1138 797 1343 842 pecuniam
1364 797 1528 843 solebat,
1558 802 1599 832 ut
1629 798 1715 832 illi-

300 858 471 893 beralem
513 855 759 906 mercedem,
797 863 985 899 spernere
1025 863 1072 888 ac
1109 863 1318 900 recusare,
1365 863 1584 898 operaeque
1622 864 1718 888 suae

301 915 468 959 pretium
500 911 708 946 aestimare
739 913 846 945 certo
880 911 1063 945 bonorum
1094 909 1279 944 librorum
1315 919 1484 954 numero,
1515 909 1552 943 in
1587 909 1720 954 primis

302 968 565 1013 exemplorum
606 977 655 1001 ex
695 966 850 1011 optimis
889 965 1251 1010 recentissimisque
1282 966 1469 1000 Veterum
1503 965 1719 1000 Auctorum

301 1024 562 1067 editionibus,
602 1023 723 1057 veluti
756 1021 860 1057 Livii
893 1021 1278 1064 Drakenborchiani‚
1318 1021 1480 1066 Virgilii
1511 1020 1721 1065 Ovidiique

302 1084 341 1114 et
379 1080 541 1113 aliorum
582 1088 603 1111 a
644 1076 861 1112 Burmanno
911 1077 1123 1120 editorum,
1176 1075 1456 1119 Aristophanis
1496 1080 1533 1110 et
1573 1077 1722 1111 Suidae

242 1135 550 1178 65Kustcriani‚
581 1133 738 1178 Iosephi
770 1131 1114 1177 Haverkampiani‚
1149 1131 1305 1166 Diodori
1337 1131 1462 1167 Siculi
1489 1132 1721 1167 wesselin-

303 1192 427 1239 giani,
459 1194 496 1226 et
527 1190 717 1225 nullorum
751 1198 826 1224 non
857 1188 1097 1233 Scriptorum
1130 1189 1366 1223 Graecorum
1397 1197 1442 1222 ae
1473 1187 1721 1223 Latinorum:

303 1248 414 1283 visus
446 1248 582 1290 putare
614 1245 684 1279 hos
726 1246 845 1280 libros
876 1244 1002 1278 doctis
1035 1244 1194 1279 Batavis
1233 1246 1370 1288 sponte
1409 1246 1447 1278 et
1478 1244 1604 1290 gratis
1643 1254 1721 1278 ve-

304 1304 399 1350 nire,
416 1299 475 1349 **)
509 1312 580 1337 nec
600 1301 713 1348 gravi
742 1311 831 1335 aere
853 1310 874 1335 e
900 1300 1137 1344 bibliopoliis
1163 1300 1347 1335 emendos
1363 1296 1442 1346 ***)
1475 1309 1577 1334 esse.
1626 1301 1724 1335 Erat

303 1369 397 1395 vero
429 1358 535 1394 illua
565 1358 747 1393 librorum
780 1357 865 1392 sive
905 1356 1071 1402 pretium
1104 1357 1192 1391 sive
1231 1356 1394 1401 donum,
1433 1358 1474 1390 ut
1510 1355 1721 1398 accipienti

303 1415 509 1451 honestius
541 1424 652 1459 quam
685 1416 817 1459 parata
848 1413 1036 1458 pecunia,
1077 1412 1130 1447 ita
1162 1412 1267 1447 danti
1298 1412 1502 1448 molestius
1534 1411 1651 1447 multo
1683 1414 1722 1447 et

303 1471 483 1519 gravius.
553 1471 690 1515 Neque
729 1474 857 1505 tamen
901 1470 998 1504 haec
1038 1469 1109 1503 suit
1151 1469 1381 1504 Rulmkenio
1423 1478 1565 1503 caussa
1601 1477 1722 1513 quare

302 1528 498 1564 Lutetiam
530 1527 587 1562 ire
620 1536 854 1572 operamque
886 1524 973 1570 ipse
994 1526 1127 1559 facere
1158 1525 1297 1569 vellet3
1331 1535 1413 1559 narn
1438 1527 1521 1559 erat
1540 1524 1586 1558 ad
1609 1533 1722 1559 sum-

301 1586 367 1618 tus
400 1583 634 1627 huiusmodi,
668 1583 701 1617 si
733 1582 819 1626 quis
855 1581 967 1625 alius,
999 1585 1158 1626 paratus
1182 1591 1228 1615 ac
1257 1580 1434 1615 solutus:
1466 1583 1503 1615 et
1527 1580 1595 1615 illa
1613 1581 1721 1625 Cap-

303 1638 524 1684 peronnerii
556 1637 798 1682 conditione,
842 1640 885 1671 ut
927 1641 1060 1680 antea,
1100 1640 1236 1681 postea
1275 1637 1399 1671 redux
1436 1635 1475 1670 in
1508 1635 1721 1681 Bataviam,

304 1705 401 1730 usus
443 1698 514 1730 est.
575 1693 742 1729 Volebat
792 1697 976 1727 externas
1026 1692 1210 1738 regiones
1260 1691 1411 1736 visere,
1461 1691 1718 1727 bibliothecas

303 1750 495 1793 lustrare,
541 1752 577 1783 et
619 1748 780 1793 primum
821 1748 987 1783 omnium
1027 1748 1223 1783 Lutetiam
1265 1757 1498 1793 excurrere3
1553 1758 1636 1782 cum
1678 1750 1722 1783 ut

304 1810 462 1840 veteres
493 1802 584 1839 illos
615 1804 735 1839 libros
766 1804 850 1837 suis
882 1803 967 1847 ipse
1012 1807 1049 1837 ct
1080 1802 1205 1837 oculis
1236 1806 1438 1848 cerneret,
1476 1804 1511 1835 et
1541 1803 1720 1838 manibus

304 1863 503 1907 tractaret,
534 1863 613 1896 tum
645 1863 685 1895 ut
717 1859 823 1894 illum
856 1859 1051 1907 populum,
1083 1861 1238 1906 terram,
1271 1859 1418 1906 urbem,
1449 1862 1720 1905 cognosceret.

301 1979 330 2021 ’)
357 1982 453 2012 Haec
486 1989 647 2015 magnam
682 1984 764 2012 ante
798 1988 930 2021 paucos
962 1988 1074 2010 annos
1102 1980 1268 2011 incendio
1300 1981 1539 2010 calamitatem
1572 1981 1722 2011 subiisse

346 2026 474 2056 fertur.
521 2026 767 2057 WYTTENB.
784 2042 818 2047 -
835 2027 929 2056 Haec
950 2026 1165 2056 bibliotheca
1185 2027 1471 2063 instructissima,
1495 2034 1597 2065 quae,
1618 2034 1722 2065 quum

345 2071 428 2110 lege
452 2070 505 2100 27.
533 2071 618 2100 δον.
650 2071 746 2101 17a9.
781 2071 849 2100 lata
875 2072 995 2099 omnia
1020 2072 1053 2099 iu
1079 2070 1332 2107 Francogallia
1359 2071 1532 2100 coenobia
1558 2071 1722 2109 publica-

346 2120 483 2152 rentur,
517 2114 641 2146 45,tltlt)
661 2116 842 2144 volumina
868 2114 1035 2143 librorum
1065 2116 1313 2152 impressorum
1341 2118 1374 2144 et
1399 2115 1492 2145 8000
1523 2116 1722 2146 manuscri-

347 2163 485 2197 ptorum
504 2160 719 2196 continebat,
745 2160 841 2188 iussn
860 2158 1013 2188 eiusdem
1035 2158 1129 2187 illius
1145 2159 1234 2197 legis
1257 2160 1388 2195 sigillis
1411 2162 1541 2190 munita
1561 2164 1598 2190 et
1613 2160 1723 2190 ulium

347 2205 382 2233 in
408 2204 524 2233 locum
553 2204 726 2234 translata
751 2208 815 2234 est.
872 2204 937 2233 [hi
963 2211 1066 2242 quum
1091 2211 1185 2232 :inno
1215 2204 1312 2232 179⁴.
1339 2204 1497 2233 flammae
1521 2204 1722 2234 aediticium

350 2247 591 2284 devastarent,
617 2250 868 2287 impressorum
887 2248 1058 2277 librorum
1077 2248 1212 2284 ingenti
1232 2254 1377 2276 numero
1394 2248 1568 2286 abs-nmio,
1594 2247 1723 2286 12‚000

351 2296 485 2321 tantum
511 2293 690 2323 volumina
715 2298 927 2322 conservata
950 2296 1043 2321 sunt.
1091 2291 1159 2322 sed
1186 2291 1265 2321 libri
1290 2292 1412 2330 MSS„
1438 2293 1497 2329 qni
1522 2292 1615 2322 forte
1641 2292 1721 2323 for-

353 2343 438 2366 tuna
463 2336 546 2365 alibi
580 2341 683 2366 eraut.
709 2338 873 2375 repositi,
906 2344 1029 2366 omnes
1055 2337 1185 2374 integri
1218 2341 1420 2366 evaserunt.
1469 2336 1567 2372 Quae
1594 2337 1724 2367 biblio-

351 2380 475 2410 thecae
499 2381 594 2410 illius
613 2382 782 2420 reliquiae
807 2386 842 2411 et
866 2382 975 2410 veluti
994 2383 1190 2419 parietinae
1208 2389 1299 2410 anno
1316 2383 1521 2419 insequente
1539 2381 1574 2410 in
1594 2379 1721 2411 biblio-

354 2426 488 2455 thecam
515 2425 702 2463 pnhlicam,
729 2433 822 2455 nunc
843 2428 879 2454 et
900 2426 982 2455 olim
1003 2428 1151 2465 regiam,
1176 2427 1385 2464 migrarunt,
1412 2425 1469 2454 ubi
1495 2432 1587 2455 nnuc
1612 2427 1718 2456 etiam

350 2473 592 2499 asservantur.
642 2471 693 2500 lhi
719 2471 774 2500 illi
801 2478 937 2509 qnoque
963 2470 1107 2500 codices
1131 2470 1343 2509 quaerendi,
1369 2477 1457 2508 quae
1483 2469 1720 2499 Montefalco-

349 2516 427 2544 nius
448 2514 487 2544 in
508 2514 666 2545 biblioth.
689 2515 915 2546 Coi-§liniana
944 2514 1142 2553 descripsit.
1161 2514 1321 2544 EBERT.
1337 2516 1403 2553 (ap.
1417 2513 1720 2554 LlNDEMANN.)

306 2568 348 2608 '')
373 2569 499 2598 Parum
525 2575 607 2606 apte
633 2570 892 2600 Lindemannus
926 2568 1082 2599 laudavit
1109 2569 1237 2605 Virgil-
1271 2568 1406 2606 Georg.
1442 2569 1486 2607 n,
1521 2568 1572 2599 10.
1610 2568 1722 2600 Prin-

349 2613 445 2651 cipio
470 2613 664 2645 arboribus
689 2615 801 2645 iniria
827 2614 881 2645 est
906 2615 1044 2644 natura
1071 2614 1263 2643 creandis:

350 2656 518 2697 Namque
542 2658 654 2699 aliae,
681 2661 794 2690 nullis
819 2659 1003 2690 hominum
1029 2656 1257 2699 coyentsbns,
1285 2658 1385 2698 ipsae

351 2702 491 2742 Sponte
514 2710 582 2733 sua
610 2704 804 2735 veniunt
829 2707 899 2734 cet.
947 2704 1020 2735 FR.

307 2755 366 2797 “““)
392 2756 453 2788 Ed.
473 2764 523 2796 pr.
547 2760 580 2788 et
602 2759 786 2798 Bergmau.
814 2758 983 2800 emenda,
1012 2758 1231 2798 typothetae,
1256 2760 1292 2787 nt
1319 2758 1456 2798 opinor,
1483 2759 1597 2799 culpa.
1645 2759 1718 2791 Fa.
