1833 3237
639 192 974 233 -27-

103 305 274 354 fiamque
302 313 414 343 suam
444 304 492 342 ad
524 305 717 353 publicam
749 305 949 355 notitiam,
980 304 1232 354 munerisque
1261 307 1523 358 adeptionem,

104 361 413 401 commendaret:
453 361 509 398 ita
538 362 705 409 denique
734 362 914 399 alebatur
943 363 1155 400 annotandi
1194 364 1392 415 studium,
1422 367 1520 412 quod

100 427 222 466 saepe
250 417 501 468 refrigescit,
523 429 639 464 quum
671 428 745 454 non
776 417 852 455 nisi
881 418 1068 455 universe
1097 419 1326 457 adversaria
1354 420 1523 458 instrui-
1535 415 1587 455 41

99 484 188 510 mus
216 473 266 510 ad
295 474 488 511 incertum
518 477 558 510 et
585 474 840 523 longinquum
880 474 1083 510 doctrinae
1125 485 1174 512 ex
1203 476 1255 512 iis
1286 487 1523 524 expromen-

99 529 175 566 dae
205 532 380 577 tempus;
411 531 568 578 contra,
609 534 778 579 augetur
817 533 856 567 et
904 530 1128 567 incenditur
1168 534 1366 578 proposito
1405 544 1523 580 opere

101 595 190 623 mox
228 586 269 623 in
302 586 497 634 publicum
529 585 754 624 emittendo.
814 588 927 623 Hanc
966 596 1122 633 operam
1153 587 1194 623 in
1225 589 1367 634 quibus
1396 599 1522 636 ponc-

98 645 173 691 ret,
205 643 426 689 Scriptores
456 642 579 689 elegit
608 642 686 678 sibi
715 642 980 679 Ruhnkenius
1010 653 1078 679 eos
1109 653 1206 689 quos
1229 645 1372 690 primos
1404 646 1522 694 lege-

98 701 174 746 rat,
204 699 426 748 Homerum,
456 697 685 747 Hesiodum,
710 698 1007 751 Callimachum,
1031 699 1281 745 Apollonium
1303 701 1520 738 Rhodium:

98 754 263 800 eiusque
302 763 445 801 operae
485 754 677 804 fructum,
715 757 830 791 sexto
869 757 1119 802 posteaquam
1161 755 1200 791 in
1232 758 1521 794 llemsterhusii

96 809 346 856 disciplinam
377 813 538 847 venerat
567 821 692 857 auno,
722 811 1022 859 quadragesimo
1064 821 1164 848 nono
1205 811 1324 849 huius
1356 814 1521 861 saeculi,

97 865 269 914 prodidit
297 865 448 902 duabus
476 865 670 910 Epistolis
710 866 893 902 Criticis:
935 867 1059 902 altera
1089 867 1138 903 de
1167 870 1336 905 Homero
1367 872 1406 905 et
1434 872 1519 906 He-

95 920 230 969 siodo,
261 920 310 956 ad
353 920 682 970 Valckenarium,
724 931 865 958 novum
896 921 1086 970 amicum,
1127 924 1415 961 Hemstcrhusii
1451 925 1517 962 di-

94 976 304 1026 scipulum,
335 976 500 1013 alterum
530 978 579 1014 ab
602 977 670 1014 illo
693 981 826 1015 nostra
846 980 974 1014 aetate
995 977 1256 1025 memoriaque
1277 980 1516 1017 Graecarum

33 1070 37 1074 ,
95 1032 314 1069 Literarum
344 1032 580 1081 principem:
610 1033 733 1070 altera
762 1034 811 1071 de
841 1034 1081 1072 Callimacho
1111 1038 1150 1071 et
1169 1035 1381 1082 Apollonio
1401 1037 1515 1073 Rho·-

95 1088 174 1137 dio,
205 1088 363 1125 biennio
393 1092 542 1137 postea,
572 1089 622 1125 ad
651 1090 877 1139 Ernestum,
905 1093 1077 1127 veterem
1109 1091 1288 1138 amicum,
1320 1092 1515 1140 elegantis

94 1144 296 1180 doctrinae
325 1155 412 1181 cum
439 1147 633 1194 Graecae,
663 1149 744 1182 tum
773 1147 811 1183 in
841 1146 979 1194 primis
1008 1146 1190 1192 Latinae,
1221 1158 1306 1184 cum
1339 1148 1516 1186 Gesnero

93 1200 135 1237 iu
175 1201 383 1247 Germania
422 1201 568 1248 primas
608 1205 817 1239 tenentem.
892 1202 1104 1248 Utriusque
1145 1203 1348 1249 Epistolae
1387 1215 1515 1253 argu-

91 1260 263 1293 mentum
295 1258 537 1306 congruebat
566 1268 653 1294 cum
683 1267 829 1306 eorum,
860 1258 908 1294 ad
939 1269 1037 1304 quos
1068 1258 1238 1304 scriptae
1269 1263 1394 1308 erant,
1426 1264 1516 1296 stu-

93 1311 184 1349 diis.
242 1313 343 1350 Nam
374 1316 413 1349 et
441 1315 636 1351 Eruestus
666 1314 928 1351 meditabatur
959 1324 1095 1350 novam
1119 1315 1349 1351 Callimachi
1368 1316 1516 1352 editio-

94 1379 203 1406 nem:
234 1372 274 1406 et
304 1369 594 1406 Valckenarius
625 1371 859 1407 versabatur
888 1371 929 1407 in
959 1373 1127 1408 Homero
1158 1371 1206 1406 ad
1237 1371 1415 1408 criticam
1445 1383 1515 1409 ra-

92 1424 236 1462 tionem
266 1426 461 1474 exigendo
491 1429 530 1463 et
560 1427 756 1476 poliendo,
786 1427 901 1464 cuius
930 1427 1052 1464 studii
1082 1430 1215 1466 exstat
1244 1428 1443 1474 specimen
1473 1428 1513 1465 in

91 1481 226 1517 Iliadis
263 1482 364 1519 libro
403 1482 598 1530 vigesimo
639 1484 836 1531 secundo,
876 1483 943 1530 qui
987 1484 1199 1530 separatim
1231 1485 1278 1520 ab
1309 1495 1354 1521 eo
1385 1485 1514 1522 editus

91 1534 219 1585 est-*J
277 1538 539 1575 Ruhnkenius
570 1539 782 1577 maioribus
811 1540 971 1577 Homeri
994 1540 1232 1577 carminibus
1265 1541 1404 1577 critice
1428 1546 1512 1577 tra-

91 1593 246 1630 ctandis
288 1594 393 1631 aliud
439 1598 592 1641 tempus
632 1596 875 1632 destinabat:
914 1599 1008 1633 tunc
1037 1599 1211 1641 Hymnus
1241 1601 1512 1644 argumentum

90 1649 293 1696 Epistulae
332 1652 537 1697 sumebat;
576 1652 679 1697 quod
709 1652 870 1688 criticae
913 1652 1090 1688 facultati
1120 1652 1344 1698 ampliorem
1376 1663 1508 1699 prom-
1521 1655 1577 1694 42

90 1705 306 1752 tioremque
335 1706 533 1743 materiam
564 1708 755 1752 praebere
786 1708 1023 1745 viderentur.
1084 1708 1258 1754 Utraque
1279 1719 1353 1744 non
1384 1710 1508 1746 solum

88 1761 130 1798 in
159 1761 224 1810 iis,
256 1772 354 1807 quos
383 1762 521 1798 titulus
553 1764 817 1811 profitebatur,
849 1763 918 1798 sed
950 1763 988 1798 in
1018 1763 1108 1798 aliis
1139 1763 1344 1808 quibusvis
1366 1775 1509 1801 versa-

88 1817 202 1854 batur
231 1817 498 1864 Scriptorib'us
529 1819 707 1866 Graecis,
739 1818 1115 1867 Epigrammatibus,
1147 1819 1331 1865 Orphicis
1362 1821 1508 1858 carmi-

89 1873 229 1923 nibus,
269 1874 472 1920 Hesychio
515 1878 555 1910 et
584 1875 752 1911 caeteris
784 1874 1113 1923 Lexicographis.
1169 1876 1214 1911 In
1245 1878 1436 1925 utraque,
1466 1881 1509 1915 ut

87 1929 212 1977 primo
242 1930 469 1967 Rubnkenii
500 1931 637 1967 critico
667 1941 808 1979 opere,
845 1931 1108 1967 adolescentis
1138 1930 1363 1981 ingenium,
1405 1936 1509 1970 tam-

88 1996 202 2032 quam
233 1986 397 2022 Phidiae
426 1983 668 2034 signum,**)
709 1984 822 2021 simul
861 1986 1089 2032 adspectum
1131 1989 1170 2022 et
1200 1989 1402 2033 probatum
1433 1993 1507 2029 est.

88 2043 217 2079 Tanta
256 2044 339 2078 erat
378 2041 578 2078 doctrinae
619 2043 802 2088 ubertas,
843 2045 949 2078 tanta
979 2042 1179 2079 interioris
1218 2048 1257 2080 et
1288 2046 1509 2092 exquisitae

89 2097 258 2133 scientia
288 2099 462 2134 Graecae
491 2098 666 2145 linguae,
712 2097 830 2133 ducta
859 2097 926 2133 illa
957 2109 1042 2134 cum
1074 2109 1124 2134 ex
1154 2105 1340 2136 accurata
1369 2112 1507 2149 gram-

88 2153 256 2190 maticae
295 2153 461 2193 rationis
499 2156 538 2189 et
580 2153 770 2201 originum
810 2153 1097 2202 intelligentia,
1140 2157 1219 2190 tum
1260 2166 1282 2191 e
1321 2158 1507 2194 continua

88 2208 332 2255 Scriptorum
374 2209 566 2255 lectione,
604 2213 682 2246 tum
719 2221 768 2246 ex
808 2209 968 2245 assiduo
1007 2211 1267 2259 Lexicorum,
1297 2212 1506 2262 Hesychii,

88 2265 251 2314 Suidae,
280 2266 521 2314 Etymologi,
554 2266 741 2313 Pollucis,
771 2265 1012 2310 aliorumque
1042 2265 1209 2302 omnium
1239 2270 1278 2302 et
1298 2268 1505 2304 Gramma-

88 2320 255 2357 ticorum
295 2324 335 2357 et
363 2321 672 2358 Scholiastarum
702 2331 799 2365 usu3
840 2322 884 2356 ut
911 2321 951 2357 in
981 2320 1031 2356 iis
1063 2321 1117 2357 nil
1146 2325 1224 2358 tam
1265 2323 1436 2360 abditum
1467 2328 1507 2361 et

89 2374 351 2426 obliteratum,
382 2378 530 2414 nullum
561 2381 638 2413 tam
659 2375 900 2413 reconditum
922 2380 1027 2413 esset
1045 2377 1264 2430 latibulum,
1296 2380 1397 2425 quod
1418 2381 1506 2418 eius

88 2531 122 2570 Ἴ
145 2530 231 2564 Cum
256 2533 406 2563 vetustis
429 2532 622 2572 Porphyrii
645 2532 802 2571 senonia,
828 2539 848 2562 e
873 2530 1006 2563 Codice
1039 2532 1285 2564 Bibliothecae
1308 2533 1505 2575 Lugduno-

133 2576 291 2609 Batavae
313 2577 494 2608 vossiano
518 2577 645 2615 ductis,
670 2585 713 2608 ac
737 2577 1002 2608 Dissertatione
1026 2577 1069 2608 de
1085 2578 1238 2610 scholiis
1253 2579 1288 2608 iu
1311 2580 1502 2612 Homerum

133 2620 290 2660 ineditis,
315 2621 536 2653 Leovardiae
559 2621 659 2653 1747.
706 2621 866 2653 Libellus
896 2622 1102 2662 pierumque
1134 2623 1294 2654 adiectus
1327 2626 1505 2663 reperitur

134 2663 256 2696 Fulvii
277 2666 401 2697 Ursini
423 2667 579 2707 Virgilio
611 2674 690 2697 cum
722 2666 872 2697 Graecis
905 2666 1058 2705 collato,
1088 2675 1190 2706 quem
1217 2683 1254 2690 —
1281 2670 1504 2702 emendatius

134 2710 278 2746 repetiit
302 2711 561 2743 Valckenarius
596 2711 720 2744 eodem
756 2712 838 2744 loco
860 2718 905 2744 ac
931 2713 1101 2752 tempore.
1148 2713 1386 2749 BERGMAN.

87 2770 132 2810 “J
154 2772 286 2807 cicero
310 2776 407 2809 Brut.
430 2777 485 2809 64.
