1833 3237
684 177 1004 225 ..9-;

246 297 435 336 Decursis
465 297 634 345 Collegii
663 296 925 334 Fridericiani
954 299 1110 346 spatiis,
1142 298 1295 335 domum
1325 299 1373 334 ad
1406 309 1552 345 paren-

137 360 198 393 tes
226 355 368 403 rediit,
397 353 671 401 duodeviginti
699 363 823 389 annos
854 356 981 392 natus.
1038 356 1120 391 Iam
1161 365 1210 391 ea
1239 358 1324 391 erat
1352 358 1483 391 aetate
1515 358 1555 391 et

136 410 318 458 scientia,
346 412 390 446 ut
419 410 626 457 graviores
655 408 886 454 disciplinas
915 409 957 445 in
987 410 1132 446 maiore
1152 411 1417 457 amplioreque
1437 412 1553 447 Aca-

138 467 289 504 demiae
319 466 455 502 schola
484 464 685 512 percipere
715 467 860 510 posset.
899 467 1087 501 Parentes
1109 466 1143 502 ei
1167 467 1407 512 popularium
1439 476 1553 502 unam

136 522 439 560 Academiarum
459 520 722 567 destinabant,
750 520 1114 568 Regiomontanam,
1134 522 1355 569 Halensem,
1376 524 1554 559 Franco-

135 577 480 615 furtoviadrinam:
520 576 657 611 harum
694 577 887 622 optionem
932 577 1011 613 filio
1049 578 1222 613 faciebat
1256 583 1401 625 mater,
1443 578 1554 613 modo

137 634 380 681 'theologiae
409 642 454 667 se
483 631 612 666 daret:
642 634 752 677 pater
783 633 940 668 facilior
969 636 1065 679 erat,
1096 634 1291 681 integrum
1317 635 1397 670 filio
1427 633 1553 670 relin-

137 700 261 736 quens
290 698 403 734 quam
432 686 466 722 is
496 687 664 735 eligeret
693 687 955 735 disciplinam,
985 689 1096 725 modo
1127 699 1212 724 eam
1243 690 1433 738 eligeret,
1478 699 1554 735 qua

136 748 176 781 et
204 744 311 781 laudi
340 746 380 779 et
411 743 591 778 fortunae
619 753 717 778 suae
747 744 986 782 consuleret.
1040 744 1166 781 Filius
1205 755 1251 780 eo
1288 745 1431 780 dudum
1470 748 1554 780 erat

138 809 353 847 percussus
403 799 642 835 Graecarum
692 799 997 846 Latinarumque
1044 799 1262 836 Literarum
1310 810 1463 848 amore,
1512 803 1556 835 ut

142 865 265 903 aegre
293 855 343 889 ad
372 854 478 888 aliud
508 854 678 888 studium
710 854 861 890 traduci
894 858 1047 899 posset:
1089 856 1150 891 his
1179 856 1220 892 in
1250 859 1479 902 perpetuum
1510 865 1555 890 se

137 914 267 948 mente
295 908 503 954 animoque
533 908 756 944 addixerat:
795 908 857 944 his
895 910 1050 945 laudem
1090 915 1195 946 certe
1238 922 1283 946 se
1313 913 1556 947 consecutu-

137 977 221 1003 rum
252 965 446 1011 sperabat,
475 965 646 1000 sortasse
675 964 793 1000 etiam
821 965 1038 1001 fortunam:
1082 969 1149 1002 aut
1179 966 1214 1001 si
1244 967 1428 1001 fortunae
1454 966 1556 1001 sub-

137 1021 279 1058 sidium
321 1021 598 1056 assumendum
637 1023 766 1067 esset,
803 1021 878 1057 hoe
915 1021 955 1057 in
988 1022 1302 1068 Iurisprudentia
1330 1021 1556 1068 reponebat,

138 1078 283 1124 quippe
313 1076 426 1112 cuius
457 1075 660 1111 efficacius
690 1075 940 1124 uberiusque,
971 1088 1083 1123 quam
1105 1078 1360 1125 Theologiae,
1390 1078 1439 1113 ad
1465 1078 1557 1113 An-

138 1135 332 1180 tiquarum
363 1132 582 1169 Literarum
610 1131 815 1168 scientiam
855 1133 1161 1179 facultatemque
1177 1134 1442 1169 adiumentum
1463 1143 1553 1169 esse
1570 1134 1624 1171 12

139 1190 337 1225 censebat.
393 1186 536 1234 Igitur,
567 1197 616 1222 ne
645 1187 686 1223 in
717 1189 1040 1235 praesentiarum,
1071 1190 1144 1225 sub
1174 1190 1304 1235 ipsum
1325 1189 1557 1236 discessum,

138 1245 252 1281 matri
291 1243 498 1278 adversari
527 1243 750 1291 videretur,
783 1244 1007 1288 dicitfsibi
1037 1246 1212 1281 Graecae
1242 1245 1282 1280 in
1313 1244 1448 1290 primis
1475 1244 1558 1280 lin-

138 1310 244 1349 guae
272 1298 500 1346 cognitione
530 1309 630 1344 opus
659 1309 762 1346 esse,
796 1309 922 1346 neque
961 1311 1006 1336 se
1041 1311 1126 1337 eam
1165 1303 1270 1337 recte
1309 1296 1559 1346 feliciterque

139 1356 343 1403 percipere
373 1364 489 1400 posse
519 1354 596 1391 nisi
626 1356 865 1403 Goettingae
895 1356 935 1392 in
975 1357 1126 1393 scholis
1166 1357 1345 1394 Gesneri.
1404 1358 1558 1393 Paren-

137 1415 200 1449 tes
229 1411 309 1448 filio
338 1411 506 1447 libenter
546 1412 841 1460 gratificantur,
881 1415 1063 1458 putantes
1102 1414 1177 1450 hoc
1216 1413 1265 1449 ad
1303 1413 1559 1461 Theologiam

142 1471 334 1515 spectare.
390 1468 490 1504 Nam
521 1467 590 1503 illa
619 1470 748 1504 aetate
777 1468 817 1504 in
846 1469 1043 1515 plerisque
1072 1469 1163 1505 aliis
1193 1469 1426 1506 Germaniae
1446 1470 1560 1506 Aca-

138 1523 279 1560 demiis
308 1524 497 1559 Graecam
527 1523 701 1571 linguam
732 1534 808 1560 non
839 1525 915 1560 nisi
943 1526 1068 1561 futuri
1106 1526 1300 1574 Theologi
1341 1525 1561 1569 discebant,

139 1582 180 1616 et
208 1579 251 1616 hi
279 1589 416 1615 crassa
445 1578 692 1633 Minerva,*)
733 1581 783 1616 ad
822 1581 945 1617 solam
984 1592 1148 1627 eamque
1187 1583 1316 1618 levem
1360 1591 1559 1617 sacrorum

137 1636 326 1672 librorum
364 1634 686 1682 intelligentiam:
746 1638 920 1672 Graecae
967 1638 1127 1673 Literae
1171 1648 1262 1683 pars
1304 1637 1562 1673 Orientalium

141 1691 398 1737 habebantur,
430 1693 469 1726 et
498 1694 750 1736 utrarumque
781 1693 865 1727 fere
896 1703 997 1728 unus
1029 1696 1067 1728 et
1098 1693 1199 1728 idem
1230 1696 1315 1728 erat
1338 1693 1559 1729 Professor.

251 1748 388 1791 Itaque
417 1745 529 1780 domo
549 1747 809 1790 proficiscitur
826 1747 1061 1783 adolescens
1082 1757 1127 1783 eo
1158 1748 1337 1794 consilio,
1369 1751 1411 1782 ut
1442 1749 1560 1783 Goet·

138 1802 288 1850 tingam
319 1811 365 1837 se
393 1802 612 1848 conferret,
644 1805 683 1837 et,
713 1812 783 1847 per
811 1802 966 1838 itineris
995 1813 1042 1839 ac
1071 1803 1296 1839 diverticuli
1327 1803 1561 1849 opportuni-

139 1860 258 1895 tatem
296 1858 421 1893 claras
462 1858 600 1904 urbes,
642 1858 682 1894 in
727 1857 861 1903 primis
899 1858 1011 1906 illas,
1057 1859 1197 1905 quibus
1229 1860 1405 1896 Saxonia
1434 1861 1560 1905 floret,

141 1914 382 1952 Academias
411 1913 614 1950 inviseret.
671 1914 919 1961 Berolinum,
958 1915 1110 1960 patriae
1148 1916 1342 1963 regnique
1373 1919 1491 1962 caput
1522 1917 1561 1950 et

143 1980 284 2018 regum
313 1969 569 2017 domicilium,
601 1970 729 2015 ampla
758 1969 847 2005 aliis
873 1971 1218 2017 peregrinantibus
1239 1972 1443 2018 spectandi
1475 1982 1560 2008 ma·-

143 2027 266 2073 tcria,
298 2035 374 2060 non
408 2025 484 2060 nisi
513 2034 660 2069 paucos
691 2034 777 2060 eum
809 2025 895 2061 dics
926 2028 1056 2072 tenet3
1090 2027 1233 2073 quippe
1263 2038 1338 2073 quo
1369 2038 1459 2064 eum
1490 2029 1561 2063 iti-

143 2082 252 2118 neris
281 2080 408 2128 magis
439 2080 671 2126 necessitas,
702 2091 815 2125 quam
847 2083 1112 2129 cognoscendi
1143 2083 1353 2132 cupiditas,
1378 2084 1561 2120 adduxe-

145 2139 221 2184 rat,
250 2139 471 2182 sperantem
502 2146 545 2171 se
568 2145 622 2171 ‘eo
652 2137 887 2183 rediturum,
921 2149 1023 2174 nunc
1053 2139 1157 2175 omni
1186 2140 1329 2185 impetu
1361 2139 1562 2175 festinan-

145 2195 223 2228 tem
262 2192 311 2227 ad
348 2201 418 2228 eos
446 2192 579 2238 locOS,
616 2193 680 2238 qui
719 2193 795 2238 ipsi
827 2193 983 2238 aliquod
1015 2195 1213 2240 Antiquae
1244 2195 1563 2240 venustiorisque

143 2247 346 2284 doctrinae
375 2247 558 2293 pabulum
589 2249 832 2295 praeberent.
894 2249 1074 2285 Vicinam
1100 2250 1308 2297 ingressus
1339 2250 1564 2297 saxoniam,

145 2303 255 2340 venit
294 2303 597 2351 Wittebergam.
663 2304 791 2340 Huius
830 2304 940 2340 urbis
977 2305 1233 2341 Academiam
1263 2306 1339 2342 duo
1369 2309 1464 2342 tunc
1494 2316 1564 2341 or-
1595 2306 1599 2307 ⁷

144 2361 290 2397 nabant
327 2362 574 2405 praestantes
612 2359 789 2395 doctrina
826 2360 925 2407 viri,
964 2361 1022 2398 10.
1053 2362 1191 2398 Daniel
1222 2362 1422 2409 Ritterus,
1461 2362 1634 2398 Iuris13

143 2415 420 2461 Historiaeque
449 2416 574 2451 omnis
605 2415 882 2462 peritissimus,
913 2419 954 2452 et
981 2418 1038 2452 Io.
1069 2417 1305 2454 Guilielmus
1346 2420 1561 2466 Bergerus,

143 2470 186 2508 in
215 2471 450 2517 Eloquentia
479 2474 518 2507 et
546 2471 819 2518 Antiquitate,
850 2472 890 2507 in
929 2472 1065 2518 primis
1095 2475 1293 2520 Romana,
1326 2474 1560 2510 versatissi-

145 2534 253 2574 muS,
297 2529 461 2573 uterque
504 2527 664 2573 scriptis
712 2528 754 2564 in
800 2527 996 2574 publicum
1046 2529 1164 2566 editis
1211 2531 1560 2568 celebratissimus.

146 2583 406 2620 Ruhnkenius
442 2582 508 2629 qui
544 2583 620 2619 iam
660 2583 701 2620 in
738 2584 880 2631 puerili
915 2584 1164 2623 institutione
1195 2586 1403 2623 Orationes
1433 2587 1560 2623 alios-

150 2756 180 2792 ⁸)
206 2753 260 2787 Cf·
283 2757 467 2791 Heindorf.
491 2763 527 2791 et
552 2761 820 2793 Wuestemann.
845 2761 886 2792 ad
919 2762 1041 2795 Horat.
1068 2762 1142 2794 Sat.
1168 2763 1212 2806 ΙΙ,
1234 2764 1267 2805 2,
1291 2753 1323 2794 3’.
1372 2763 1452 2798 FB.
