1833 3237
843 203 1123 241 *56-

271 323 310 357 in
341 321 499 357 scholae
531 319 660 355 umbra
692 327 735 352 se
765 316 997 352 mirantibus
1027 315 1188 351 iactaret
1219 313 1443 362 discipulis,
1473 325 1685 360 eorumque

272 377 411 424 plausu
449 376 606 411 inflatus
647 373 802 408 beatum
844 383 888 408 se
928 376 965 408 et
1005 372 1129 407 solum
1171 380 1312 415 sapere
1352 374 1529 421 putaret,
1581 371 1685 407 hunc

272 433 468 468 doctorem
498 428 753 470 umbraticum
791 428 1049 474 intelligebat.
1108 428 1160 463 Et
1197 429 1466 474 argumentum
1497 427 1686 463 orationis

274 487 515 534 congruebat
553 485 772 521 Literarum
803 484 1063 530 professioni3
1104 487 1142 518 et
1185 482 1364 518 tractatio
1409 482 1522 527 plane
1559 483 1684 517 satis-

275 542 443 577 faciebat
470 540 729 586 Eloquentiae
760 540 922 585 muneri,
952 550 1037 575 cum
1059 549 1246 586 germana
1267 537 1491 573 Latinitatis
1521 538 1687 583 ratione,

274 601 354 633 tum
384 601 473 641 apta
503 597 788 642 descriptione,
828 600 904 631 tum
940 595 1244 641 perspicuitate,
1285 593 1503 636 suavitate,
1544 594 1686 641 gravi—

275 657 378 689 tate:
426 656 466 688 et
506 663 601 688 vero
638 653 735 688 adeo
772 655 855 687 erat
898 651 1041 686 festiva
1080 655 1117 686 et
1157 650 1269 695 quasi
1301 649 1435 686 Attico
1477 649 1561 684 sale
1592 659 1686 694 per-

274 718 430 754 spersa,
480 711 557 744 tam
601 709 787 753 frequens
827 707 1055 742 facetiarum
1095 706 1319 752 leporibus,
1369 708 1411 740 ut
1454 708 1493 740 et
1537 707 1688 740 attente

210 764 261 799 91
278 765 500 810 audiretur,
529 767 569 799 et
599 764 741 809 cupide
762 763 983 810 legeretur,
1013 761 1261 806 omniumque
1291 760 1466 795 manibus
1498 761 1688 805 frequen-

228 848 232 850 >
278 824 436 857 taretur.
496 819 573 855 Sed
614 819 746 854 eadem
787 818 990 854 multorum
1028 817 1066 852 in
1098 816 1352 852 offensionem
1388 815 1593 860 odiumque
1622 815 1689 851 in-

277 877 420 918 currit,
462 874 699 920 multumque
743 873 977 910 Rulmkenio
1017 872 1190 908 invidiae
1230 871 1392 917 peperit.
1464 873 1588 908 Erant
1624 870 1691 916 qui

277 931 450 967 doctoris
500 930 703 966 umbratici
749 930 959 976 imaginem
999 939 1049 963 ex
1098 928 1269 974 ipsorum
1309 927 1485 972 exemplo
1522 927 1690 973 ductam,

277 997 321 1022 se
351 987 533 1033 depingi,
563 986 805 1034 significari,
837 988 874 1020 et
905 985 1016 1030 quasi
1047 984 1172 1031 digito
1203 983 1460 1019 demonstrari
1491 986 1691 1028 putarent:

276 1046 388 1077 erant
418 1042 591 1077 nonnulli
622 1042 851 1078 scholarum
883 1042 1072 1076 Rectores
1110 1039 1175 1084 qui
1206 1039 1280 1073 lice
1321 1042 1357 1073 et
1388 1038 1466 1082 ipsi
1495 1040 1691 1085 putarent,

274 1103 312 1132 et
366 1097 455 1132 aliis
504 1097 726 1132 hominibus
783 1094 1031 1131 scholasticis
1078 1095 1380 1140 persuaderent,
1432 1103 1545 1128 suum
1585 1093 1692 1128 vitae

272 1163 400 1200 genus
431 1163 478 1188 ac
516 1163 657 1188 munus
697 1152 735 1187 in
776 1152 844 1188 illa
884 1151 1059 1187 oratione
1097 1150 1214 1186 rideri
1254 1160 1301 1184 ae
1341 1149 1462 1185 veluti
1499 1149 1539 1184 iu
1569 1159 1692 1184 scena

274 1209 425 1244 traduci
457 1220 480 1243 a
511 1208 771 1258 Ruhnkenio,
802 1207 875 1243 sibi
906 1207 1085 1253 placente
1115 1205 1216 1251 quod
1255 1215 1462 1250 numquam
1501 1205 1540 1240 in
1578 1205 1692 1250 ipso-

273 1275 355 1300 rum
387 1264 522 1300 ordine
554 1267 591 1299 et
622 1264 879 1310 obscuritate,
910 1273 1065 1308 semper
1096 1260 1135 1298 in
1167 1261 1453 1309 elegantiorum
1495 1261 1689 1297 hominum

270 1321 566 1367 principumque
603 1320 772 1356 virorum
815 1318 1100 1355 consuetudine
1139 1321 1177 1353 et
1217 1317 1465 1362 celebritate,
1514 1317 1692 1352 vixisset.

270 1377 394 1422 Atqui
425 1376 686 1412 Ruhnkenius
716 1376 911 1411 doctorem
943 1374 1198 1410 umbraticum
1229 1373 1473 1421 intelligebat
1505 1374 1691 1409 universe

271 1442 379 1480 eum,
422 1433 488 1477 qui
517 1432 617 1476 illis,
656 1432 704 1467 de
749 1431 889 1477 quibus
935 1431 1127 1476 diximus,
1165 1429 1324 1474 ineptiis
1363 1430 1579 1475 laboraret,
1619 1439 1692 1464 nec

273 1488 443 1525 Scholae
485 1488 616 1533 potius
656 1488 917 1534 Magistrum,
966 1497 1078 1532 quam
1123 1485 1362 1521 Academiae
1409 1485 1690 1530 Professorem,

273 1547 539 1589 spectaverat:
569 1544 844 1579 scholasticum
877 1543 1048 1578 ordinem
1080 1542 1212 1589 magni
1243 1541 1435 1587 faciebat,
1474 1550 1497 1575 a
1527 1541 1692 1587 nemine,

273 1599 352 1635 nisi
382 1600 447 1645 qui
477 1599 585 1645 ipsas
615 1600 770 1635 Literas
800 1600 1089 1649 contemneret,
1118 1597 1312 1633 contemni
1343 1606 1457 1642 posse
1486 1596 1694 1642 iudicabat,

274 1659 311 1691 et
344 1665 416 1701 quo
448 1655 575 1703 magis
605 1655 863 1702 laboriosum,
895 1665 940 1690 eo
973 1654 1187 1689 maioribus
1218 1653 1402 1700 praemiis
1432 1652 1692 1698 laudibusque

274 1711 436 1756 dignum
466 1712 665 1747 censebat.
724 1711 833 1754 Quod
872 1710 1058 1746 iudicium
1090 1720 1206 1755 quum
1249 1709 1352 1744 haud
1393 1709 1558 1745 obscure
1598 1718 1692 1754 prae

272 1777 316 1802 se
347 1767 492 1811 ferret,
533 1767 680 1801 factum
721 1771 780 1801 est
821 1769 863 1800 ut
898 1766 1104 1800 multorum
1151 1765 1227 1800 sibi
1267 1765 1506 1799 voluntatem
1545 1774 1691 1800 recon-

273 1821 435 1857 ciliaret.
512 1822 697 1857 Attamen
749 1821 848 1859 haud
900 1830 1110 1866 paucorum
1159 1820 1198 1855 in
1250 1820 1392 1854 animis
1441 1821 1690 1855 remanebant

273 1876 498 1912 offensionis
529 1877 738 1921 reliquiae,
778 1876 842 1922 qui
874 1876 1107 1921 disciplinae
1136 1886 1232 1910 suae
1261 1875 1439 1910 alumnos
1471 1875 1691 1922 Lugdune-

273 1933 452 1969 batavam
493 1932 747 1969 Academiam
798 1936 977 1977 petentes
1007 1931 1073 1967 'ea
1122 1931 1306 1976 opinione
1354 1931 1605 1976 imbuebant,
1649 1933 1691 1966 ut

273 1992 454 2033 putarent
485 1998 529 2023 se
559 1987 786 2024 Ruhnkenii
815 1987 961 2022 scholis
992 1987 1064 2029 iis,
1108 1987 1148 2021 in
1182 1987 1323 2031 quibus
1353 1987 1577 2032 Scriptores
1609 1987 1691 2022 La-

208 2039 344 2079 9⁸2tini
375 2048 662 2089 tractarentur,
693 2043 808 2078 facile
835 2053 969 2078 carere
993 2053 1119 2088 posse.
1176 2043 1309 2087 Atque
1336 2042 1435 2077 hanc
1466 2053 1542 2089 ego
1573 2052 1684 2088 prae-

273 2099 425 2145 eipuam
463 2100 589 2135 fuisse
620 2099 783 2134 dixerim
816 2109 1021 2142 caussam,
1066 2108 1136 2133 cur
1182 2099 1254 2133 hae
1294 2098 1452 2134 scholae
1483 2107 1582 2143 non,
1624 2108 1690 2143 pro

272 2165 405 2190 earum
430 2156 668 2200 praestantia
689 2159 727 2189 et
750 2154 943 2201 utilitate,
976 2155 1202 2198 frequentes
1230 2154 1389 2191 fuerint.
1450 2154 1692 2199 Accedebat,

273 2210 374 2255 quod
404 2210 576 2246 eamdem
608 2210 685 2245 sibi
716 2210 937 2245 cathedram
962 2213 1001 2245 et
1019 2209 1150 2245 deberi
1173 2210 1471 2255 existimabant,
1503 2213 1543 2244 et
1572 2209 1686 2244 dela-

274 2270 352 2301 tum
393 2266 438 2301 iri
482 2271 737 2312 speraverant
774 2267 912 2302 Petrus
953 2266 1198 2301 Burmannus
1239 2263 1446 2301 Secundus
1484 2263 1690 2300 Amstelo-

271 2321 485 2369 deniensis,
513 2326 550 2356 et
571 2321 766 2358 Iohannes
788 2321 1032 2358 Schraderus
1054 2323 1402 2366 Franequeranus,
1423 2320 1689 2365 Professores,

272 2376 534 2412 versatissimi
574 2388 670 2412 sane
707 2372 745 2412 in
779 2378 926 2413 Latinis
957 2377 1103 2413 Literis
1144 2377 1346 2421 homines,
1387 2375 1451 2410 liic
1492 2379 1689 2422 accurata,

272 2431 341 2468 ille
372 2433 502 2479 varia,
536 2432 712 2468 doctrina
743 2433 899 2481 clarus,
931 2433 995 2478 qui
1028 2433 1074 2467 ad
1108 2433 1179 2468 has
1209 2432 1347 2467 laudes
1378 2431 1493 2467 etiam
1526 2431 1689 2467 heredi-

271 2487 408 2523 tariam
431 2489 706 2524 Burmanniani
730 2489 893 2525 nominis
924 2489 1076 2524 laudem
1101 2488 1344 2535 adiungeret.
1402 2487 1574 2531 Uterque
1605 2497 1689 2522 eam

271 2543 348 2579 sibi
395 2544 617 2579 cathedram
661 2544 806 2580 deferri
845 2548 1067 2590 optaverat,
1124 2554 1208 2579 cum
1254 2546 1406 2589 propter
1449 2542 1689 2578 Academiae

271 2598 562 2649 celebritatem,
593 2604 673 2635 tum
693 2601 1016 2646 opportunitatem
1039 2599 1170 2641 urbis,
1201 2600 1313 2634 cuius
1333 2598 1371 2633 in
1402 2597 1547 2633 vicinia
1575 2608 1689 2634 suum

272 2657 436 2698 uterque
467 2655 634 2690 habebat
674 2657 958 2697 suburbanum,
999 2656 1066 2691 ubi
1108 2654 1229 2690 t'erias
1272 2654 1493 2701 transigere
1525 2653 1691 2690 solebat.

270 2709 400 2756 Igitur
429 2711 513 2745 fieri
546 2711 610 2745 vix
641 2716 812 2757 poterat,
853 2716 895 2747 ut
926 2712 1025 2747 bona
1057 2711 1189 2746 borum
1221 2710 1390 2745 virorum
1433 2720 1518 2745 cum
1561 2709 1691 2756 gratia

271 2764 322 2801 iis
344 2765 602 2802 Ruhnkenius
634 2772 947 2812 praeponeretur.
1006 2767 1082 2802 Sed
1116 2777 1200 2802 cum
1233 2767 1451 2801 Burmanno
1482 2775 1568 2801 eum
1598 2765 1689 2800 ani-
