1833 3237
650 222 697 227 -
787 199 842 238 ⁶23
930 222 980 226 „r

115 317 268 364 guenet,
297 313 369 349 sed
397 312 594 360 integrum
613 315 803 355 servaret,
835 311 971 357 partim
993 311 1064 346 iam
1082 314 1241 348 cautum
1257 317 1343 348 erat
1363 312 1526 361 Bergeri

114 370 342 417 disciplina,
378 369 445 405 ubi
476 369 624 420 Cicero*
654 368 692 403 ei
732 367 986 403 veliementer
1028 368 1182 412 plaeere
1219 372 1422 416 coeperat,
1462 370 1526 415 qui

114 426 258 473 quibus
289 426 430 472 placet,
461 424 503 460 hi
534 424 716 468 multum,
747 422 877 459 iudice
903 420 1241 471 Quinctiliano,*)
1283 424 1358 460 iam
1387 426 1527 472 profe-

115 484 275 519 cerunt:
309 481 446 528 partim
475 480 605 516 adhuc
634 480 748 514 etiam
780 480 957 523 cavebat,
990 479 1157 526 legendo
1183 481 1384 527 Cicerone,
1413 481 1525 516 adhi-

115 538 197 575 bito
226 537 318 574 item
348 536 546 583 Terentio,
578 535 747 587 Nepote,
776 538 815 571 et
844 535 1042 570 simillimo
1067 545 1220 580 quoque
1239 536 1375 572 horum
1395 537 1528 573 nativa

116 594 316 642 elegantia
346 595 534 638 castaque
563 590 828 637 simplicitate.

226 651 306 686 lam
337 649 373 684 si
403 648 491 694 quis
521 650 697 693 quaerat,
727 658 802 693 qua
833 645 987 682 ratione
1017 645 1239 693 Scriptores
1260 647 1433 683 Graecos
1463 644 1592 683 10-34

114 705 243 754 gerit,
282 704 474 741 infinitum
506 703 556 739 sit
586 703 634 739 de
664 702 836 752 singulis
866 703 1124 749 respondere,
1164 703 1349 739 universe
1378 703 1528 740 dixisse

113 761 297 812 sufficiat,
322 757 711 797 Hemsterhusianam
741 769 826 795 eum
852 761 1031 795 secutum
1056 769 1146 794 esse
1171 759 1376 796 rationem.
1418 761 1528 807 Ergo

113 817 279 864 primum
320 816 370 852 ad
420 815 580 864 singula
629 816 749 851 verba
796 814 1045 851 attendebat:
1093 824 1281 851 novorum
1321 817 1361 851 et
1399 815 1527 851 minus

112 873 357 920 cognitorum
389 871 465 907 vim
495 871 692 916 aperiebat
721 881 810 906 cum
840 881 890 905 ex
921 871 1087 917 originis
1119 870 1335 917 notatione,
1365 872 1446 906 tum
1477 881 1528 907 ex

114 937 216 964 usu:
264 937 375 973 quem
415 926 507 972 quia
554 926 725 973 legendo
766 925 931 962 nondum
972 927 1153 975 tenebat,
1203 927 1466 972 cognoscebat
1505 937 1528 962 e

111 983 288 1031 LexiciS,
320 982 586 1028 Stephaniano
617 982 837 1026 Thesauro,
865 981 905 1016 in
936 981 1071 1027 primis
1101 983 1230 1016 autem
1261 991 1282 1017 e
1313 981 1526 1026 veteribus,

111 1039 294 1087 Polluce,
325 1039 470 1086 Suida,
501 1038 725 1086 Hesychio,
756 1038 866 1083 aliis,
896 1038 1146 1083 quibuscum,
1185 1036 1288 1073 inter
1317 1036 1526 1073 lectionem

111 1095 374 1141 Scriptorum,
413 1094 721 1130 familiaritatem
751 1093 1030 1144 contrahebat,
1071 1095 1110 1127 et
1140 1096 1391 1138 utrorumque
1421 1103 1526 1129 com-

108 1152 313 1198 paratione
343 1151 518 1196 utrisque
539 1153 669 1186 mutuo
698 1150 825 1185 lucem
845 1149 1156 1194 medicinamque
1185 1149 1414 1194 adferebat3
1446 1152 1526 1184 tum

111 1217 204 1244 vero
243 1207 443 1243 iudicabat
480 1216 682 1251 quamnam
721 1216 743 1241 e
782 1205 902 1241 variis
939 1204 1297 1253 significationibus
1334 1214 1526 1250 praeseus

109 1263 222 1299 locus
265 1261 329 1298 vel
367 1261 592 1298 admitteret
631 1261 694 1297 vel
726 1261 953 1307 postularet.
1010 1260 1159 1296 Deinde
1189 1259 1527 1296 animadvertebat

108 1318 159 1355 ad
189 1318 510 1365 compositionem
542 1320 582 1354 et
607 1320 843 1354 structuram
874 1316 996 1352 totius
1027 1316 1115 1362 loci,
1147 1325 1429 1361 eamqueeum
1458 1316 1525 1351 in-

108 1374 343 1423 vestigando
381 1374 603 1410 sententiae
640 1384 768 1420 nexu,
812 1377 890 1409 tum
931 1372 1206 1408 observatione
1245 1371 1526 1420 grammaticae

107 1431 272 1467 rationis
314 1430 586 1468 constituebat.
642 1431 792 1467 Locum
828 1430 883 1466 ita
922 1430 1163 1475 patefactum
1202 1428 1406 1476 relegebat
1442 1427 1524 1463 ali-

107 1487 277 1534 quoties,
307 1491 513 1533 antequam
535 1487 584 1522 ad
616 1488 830 1532 proximum
852 1488 1052 1533 pergeret.
1112 1485 1290 1530 Denique
1312 1484 1524 1530 perlectum

107 1544 369 1591 scriptorem,
408 1553 486 1579 uno
519 1546 558 1578 et
587 1543 772 1579 continuo
811 1547 945 1578 tenore
976 1551 1114 1577 rursus
1155 1544 1276 1578 totum
1308 1540 1523 1587 relegendo

107 1600 294 1646 iterabat3
334 1599 437 1636 unde
466 1600 585 1635 fiebat
613 1602 656 1634 ut
686 1610 730 1635 se
760 1599 798 1634 in
831 1599 917 1634 eius
948 1600 1134 1645 mentem,
1166 1607 1307 1643 mores,
1339 1598 1522 1641 aetatem,

106 1655 259 1704 locum,
300 1656 412 1701 quasi
454 1655 690 1691 insinuaret:
728 1656 890 1690 formam
922 1652 1366 1702 dicendi,tcogitandi‚
1397 1660 1525 1699 argu-

105 1707 318 1760 mentandi,
342 1712 470 1747 animo
497 1710 758 1757 imprimerett
791 1710 924 1758 multa,
954 1710 993 1745 in
1017 1709 1158 1754 quibus
1177 1711 1293 1743 antea
1309 1707 1523 1755 haesisset,

106 1767 333 1814 expediret.-
366 1777 566 1813 perperam
598 1776 621 1800 a
650 1776 695 1801 se
724 1766 926 1801 intellecta
956 1765 1103 1799 rectius
1134 1763 1395 1813 perspiceret,
1426 1772 1523 1797 eor-

105 1826 222 1870 rupta
252 1822 499 1868 emendaret3
529 1832 645 1867 quum
667 1821 806 1867 quovis
827 1820 944 1856 dubio
964 1819 1050 1855 loco
1071 1818 1191 1854 facile
1221 1818 1374 1854 videret
1405 1828 1521 1863 quam

104 1879 340 1917 sententiam
371 1878 682 1925 scripturamque
723 1876 963 1913 consuetudo
994 1878 1032 1911 et
1062 1873 1263 1922 ingenium
1306 1873 1521 1920 Scriptoris

105 1935 335 1982 postularet.
365 1936 426 1972 Ita
446 1946 467 1970 e
488 1933 769 1982 grammaticae
791 1931 1128 1978 interpretationis
1148 1931 1351 1975 exercitio,
1382 1934 1521 1976 sponte
1532 1933 1587 1970 35

104 1995 144 2028 et
173 1993 434 2027 nascebantur
466 1990 698 2025 verissimae
724 1988 1043 2039 emendationes,
1079 1989 1117 2022 et
1139 1986 1342 2034 ingenium
1364 1986 1410 2021 ad
1433 1986 1520 2023 eri-

103 2047 218 2085 ticam
251 2046 477 2083 facultatem
509 2045 757 2082 formabatur.

219 2104 282 2138 Ac
313 2112 361 2137 ne
391 2104 491 2138 forte
521 2101 718 2148 ingeniosi
748 2100 935 2144 iuvenes,
967 2098 1032 2144 qui
1064 2098 1164 2134 haec
1194 2098 1389 2146 legerint,
1429 2098 1519 2143 opi-

107 2157 225 2195 nione
254 2158 401 2194 laboris
440 2159 487 2193 ab
526 2156 782 2204 ingrediendo
822 2155 997 2191 eiusdem
1037 2154 1166 2189 laudis
1203 2155 1342 2190 itinere
1378 2154 1514 2188 deter-

105 2217 289 2261 reantur,
329 2213 552 2261 cogitantes
582 2212 773 2247 infinitum
805 2214 843 2246 et
873 2210 1065 2254 humanis,
1095 2209 1181 2244 suis
1212 2211 1334 2256 certe,
1366 2208 1517 2244 viribus

106 2269 231 2306 maius
261 2279 351 2305 esse
379 2273 456 2305 tam
487 2269 627 2304 multos
657 2269 846 2303 Veterum
888 2266 1008 2300 libros
1048 2268 1156 2299 tanta
1185 2273 1270 2299 cum
1308 2273 1402 2299 cura
1431 2266 1517 2298 tra-

106 2328 228 2374 ctare,
259 2328 299 2361 et
327 2328 518 2361 tractatos
540 2324 724 2360 memoria
743 2321 964 2365 continereg
997 2329 1140 2366 operae
1162 2320 1328 2365 pretium
1351 2322 1421 2355 'est
1451 2330 1518 2355 eos

107 2381 330 2418 admonere.
386 2382 505 2427 Sane,
536 2380 571 2415 si
602 2378 872 2423 unusquisque
902 2376 1079 2421 scriptor
1110 2375 1344 2411 tantumdem
1375 2385 1519 2420 operae

106 2447 153 2474 ac
173 2437 318 2474 laboris
344 2437 560 2483 postularet
583 2436 767 2481 quantum
786 2433 945 2480 primm,
976 2432 1168 2467 infinitum
1189 2434 1296 2467 esset
1314 2430 1517 2478 negotium

108 2496 147 2530 et
175 2494 232 2530 ita
260 2503 548 2538 aerumnosum,
579 2494 623 2527 ut
644 2500 754 2526 nemo
786 2499 860 2524 non
880 2487 1055 2524 liberalis
1084 2487 1237 2534 ingenii
1259 2487 1372 2523 homo
1401 2486 1515 2522 aliam

108 2549 297 2597 quamviS,
327 2559 439 2595 quam
463 2548 578 2595 hanc,
610 2547 716 2584 vitae
744 2545 846 2582 viam
868 2544 1024 2595 ingredi
1051 2543 1194 2580 mallet.
1255 2543 1373 2580 Nunc
1401 2543 1517 2589 plane

165 2609 180 2627 Q

108 2736 139 2773 ⁸)
163 2735 361 2818 &Stich-{J}
385 2735 430 2778 X,
454 2737 482 2769 1.
509 2735 561 2775 [S.
586 2733 663 2773 112.
689 2732 757 2766 Ille
778 2740 815 2764 se
831 2731 1032 2773 profecisse
1048 2732 1160 2772 sciat,
1184 2731 1245 2763 eui
1263 2729 1391 2763 Cicero
1411 2728 1517 2762 valde

156 2789 181 2821 p
197 2787 262 2813 ace
285 2790 297 2812 ι
316 2802 333 2818 .,
