1833 3237
868 175 1183 213 -8—

313 293 476 328 stratum
499 289 792 326 concionantem
813 286 992 333 audiens,
1011 287 1259 333 eloquentiae
1279 289 1409 324 studio
1435 289 1621 325 incensus
1643 294 1725 326 est:

314 347 380 383 hie
421 347 497 382 fuit
535 343 737 381 Ciceronis
778 344 924 390 primus
964 343 1135 391 dolor‚*)
1179 353 1254 390 quo
1293 354 1338 379 se
1366 345 1657 382 adolescentem
1684 346 1726 382 in

248 403 302 439 10
316 403 406 438 foro
444 404 620 438 oratores
659 399 880 436 audientem
917 409 1147 445 percussum
1186 399 1342 434 scribit:
1374 400 1415 435 hi
1445 401 1639 437 salutares
1667 400 1727 436 illi

314 459 475 494 fuerunt
511 456 689 499 dolores,
719 466 815 501 quos
851 455 898 490 ad
930 455 1153 501 patiendam
1184 465 1312 491 rerum
1348 456 1554 492 scientiam
1584 460 1623 492 et
1654 467 1727 492 ca-

314 511 551 558 pessendum
580 511 708 547 laudis
738 511 908 547 studium
935 511 1194 546 familiaribus
1222 511 1385 547 iniicere
1405 512 1556 548 solebat
1577 515 1730 549 Socra-

315 557 455 614 tes.**)
513 567 643 615 Igitur
680 577 791 603 omne
828 567 1089 603 institutionis
1139 570 1373 603 momentum
1411 567 1451 602 in
1483 577 1529 603 eo
1560 569 1728 613 positum

313 626 499 669 estsut,
538 623 605 669 qui
642 622 679 658 ei
719 623 915 669 praesint,
951 622 1165 670 diligenter
1202 623 1515 658 animadvertant
1543 633 1619 668 quo
1648 623 1728 659 sint

312 689 520 725 puerorum
549 679 909 714 adolescentiumve
937 679 1100 726 ingenia
1128 678 1522 726 gradu'maturitatis
1553 679 1602 714 ad
1632 689 1728 724 par-

311 739 392 771 tum
422 735 556 780 studii,
585 735 702 780 idque
732 735 936 771 Socratica
964 734 1114 769 ratione
1144 736 1230 769 eum
1261 734 1309 768 ad
1341 735 1580 770 nascendum
1611 734 1730 770 elici-

311 794 392 836 ant,
420 794 500 826 tum
531 800 698 825 nascens
728 790 878 834 iuvent,
908 792 988 823 tum
1020 792 1150 823 natum
1179 789 1286 824 alant
1314 799 1362 824 ao
1391 789 1651 826 moderentur.

425 846 649 882 Ruhnkenii
679 854 821 892 magna
850 844 928 879 fuit
958 844 1151 879 felicitas:
1191 844 1256 889 qui
1296 847 1335 879 et
1364 844 1404 879 in
1442 845 1559 880 talem
1589 853 1728 881 recens

311 911 360 936 ac
399 900 586 946 puerulus
627 899 810 935 inciderit
839 899 1094 947 magistrum,
1132 900 1234 945 apud
1265 909 1378 945 quem
1408 899 1499 936 inde
1529 910 1552 934 a
1582 901 1729 936 teneris

312 956 380 992 ille
410 955 529 991 studii
559 955 669 991 dolor
699 956 895 991 excitatus
926 955 973 990 ad
1004 958 1247 991 constantem
1278 958 1317 991 et
1347 957 1548 991 efficacem
1570 957 1730 992 Litera-

311 1021 396 1046 rum
428 1021 599 1046 amorem
628 1011 891 1047 evalesceret:
922 1015 961 1046 et
990 1021 1205 1058 progressu
1235 1012 1376 1046 aetatis
1407 1022 1475 1048 eos
1495 1013 1586 1048 item
1610 1013 1730 1049 inve-

311 1067 413 1102 nerit
441 1070 719 1112 praeceptores
749 1070 789 1102 et
815 1067 988 1111 sodales,
1019 1067 1084 1111 qui
1113 1066 1284 1102 studium
1316 1067 1402 1102 eius
1428 1068 1578 1103 alerent
1598 1071 1638 1104 et
1661 1069 1730 1104 in-

309 1122 534 1158 cenderent.
611 1122 767 1165 Veluti,
804 1133 896 1159 mox
942 1126 1142 1168 parentum
1189 1122 1390 1157 voluntate
1434 1133 1456 1158 e
1493 1124 1729 1159 Schlavensi

309 1177 447 1213 schola
497 1177 815 1225 Regiomontium
861 1179 900 1214 in
947 1178 1165 1225 Collegium
1226 1178 1536 1214 Fridericianum
1586 1179 1728 1227 delato,

309 1233 411 1279 quod
442 1232 515 1280 ibi,
553 1237 710 1278 propter
738 1235 1013 1281 magistrorum
1050 1234 1198 1279 copiam
1241 1234 1424 1279 urbisque
1455 1235 1728 1283 frequentiam,

309 1288 479 1334 plurium
509 1299 636 1324 rerum
667 1289 942 1326 discendarum
972 1290 1242 1336 opportunitas
1262 1294 1392 1335 essct3
1424 1291 1608 1327 continuo
1637 1294 1729 1327 stu-

309 1344 417 1380 dium
468 1345 716 1391 facultasque
765 1346 931 1382 Latinae
977 1346 1164 1382 0rationis
1206 1347 1244 1381 ei
1285 1356 1454 1382 amorem
1503 1347 1731 1383 conciliavit

309 1410 398 1436 cum
435 1400 732 1448 magistrorum,
773 1405 852 1438 tum
891 1412 985 1438 vero
1027 1401 1405 1448 condiscipulorum:
1437 1413 1598 1448 quorum
1628 1412 1730 1439 unus

308 1456 350 1492 in
381 1457 515 1502 primis
546 1461 629 1494 erat
657 1457 890 1505 ingeniosus
931 1469 1049 1504 puer,
1089 1468 1257 1506 magnus
1295 1458 1389 1494 item
1429 1458 1637 1504 aliquando
1668 1459 1731 1495 vir

309 1512 496 1559 futurus,
533 1514 748 1550 Immanuel
784 1515 971 1560 Kantius,
1013 1515 1148 1550 eodem
1186 1515 1413 1551 Latinarum
1445 1515 1730 1563 elegantiarum

309 1577 440 1604 amore
477 1571 674 1617 flagrans3
714 1573 757 1606 ut
795 1571 896 1607 alter
925 1571 1091 1607 alterum
1121 1574 1253 1607 mutuo
1290 1571 1566 1607 aemulationis
1596 1571 1729 1606 dolore

239 1619 291 1655 11
308 1625 511 1660 excitaret.
578 1626 659 1662 Sed
705 1626 890 1662 Kantium
940 1627 1026 1663 sive
1063 1637 1203 1673 casus,
1254 1627 1343 1662 sive
1383 1627 1540 1671 quidam
1576 1626 1729 1675 ingenii

208 1682 211 1685 “
309 1684 465 1726 aestus,
504 1680 552 1716 ad
583 1682 873 1727 Philosophiam
904 1682 1063 1718 detulit:
1102 1683 1143 1718 iu
1179 1693 1256 1728 qua
1285 1693 1401 1728 quum
1431 1685 1599 1718 aetatem
1630 1693 1730 1719 eon-

310 1738 506 1780 sumeret,
536 1746 660 1771 senex
696 1747 781 1772 eam
821 1738 982 1783 protulit
1018 1738 1336 1783 Metaphysicam
1376 1738 1591 1786 rationem,
1631 1749 1731 1785 quae

309 1800 415 1826 nunc
453 1790 622 1826 maxime
661 1790 789 1837 ipsius
834 1793 988 1828 nomine
1027 1793 1259 1828 celebratur.
1341 1793 1640 1841 Ruhnkenium‚
1686 1797 1731 1830 ut

308 1856 396 1882 cum
428 1848 548 1883 Poeta
561 1844 641 1893 *‘*]
672 1847 821 1893 loquar,
853 1859 951 1893 quae
982 1859 1143 1894 puerum
1173 1849 1408 1895 adspexerat
1431 1849 1563 1896 Musa,
1593 1850 1730 1887 eadem

302 1912 384 1938 nec
413 1913 545 1938 senem
576 1902 757 1949 reliquit:
794 1904 917 1952 igitur
947 1905 1022 1940 hoc
1052 1905 1221 1941 studium
1243 1905 1418 1951 retinuit,
1445 1906 1612 1952 indeque
1633 1916 1731 1952 pro-

312 1959 456 2005 fectus,
486 1958 611 1994 omnis
642 1960 805 1995 Latinae
836 1961 1090 2006 Graecaeque
1113 1961 1334 2009 elegantiae
1351 1965 1390 1998 et
1411 1962 1600 1999 rationem
1621 1971 1732 1999 com-

313 2014 457 2060 plexus
488 2018 563 2061 est,
593 2018 631 2050 et
662 2016 844 2061 princeps
875 2016 1038 2052 exstitit.

311 2164 343 2204 ⁹)
366 2167 405 2198 In
422 2168 545 2206 Bruto,
569 2167 623 2198 89.
671 2167 747 2199 Sed
776 2176 830 2200 me
854 2170 1128 2210 cupidissimum
1153 2170 1327 2202 audiendi
1348 2174 1492 2212 primus
1515 2172 1623 2204 dolor
1643 2181 1732 2213 per-

358 2213 488 2251 cussit,
522 2211 635 2243 Cotta
661 2220 742 2244 cum
769 2215 823 2244 est
846 2215 1043 2253 expulsus:
1077 2218 1166 2246 caet.
1192 2215 1436 2254 accipiendum
1463 2217 1506 2246 de
1530 2217 1637 2248 studii
1661 2217 1730 2248 do-

359 2256 455 2295 lore,
481 2264 551 2286 non
577 2257 620 2286 de
645 2257 768 2288 dolore
795 2262 944 2297 propter
969 2260 1151 2298 expulsum
1178 2259 1329 2291 Cottam.
1376 2259 1506 2291 Incidit
1529 2261 1614 2292 illud
1640 2264 1730 2292 tem-

359 2308 424 2339 pus
455 2302 491 2330 iu
523 2309 650 2331 annum
689 2301 875 2333 Ciceronis
905 2303 1079 2335 decimum
1111 2307 1147 2335 et
1170 2311 1331 2340 sextum,
1367 2313 1435 2344 quo
1461 2307 1530 2336 iam
1555 2308 1590 2336 in
1614 2307 1731 2338 forum

360 2343 530 2374 deductus
566 2349 664 2383 erat,
695 2350 810 2377 sumta
840 2349 936 2378 virili
955 2353 1065 2387 tog-a:
1097 2350 1141 2379 A.
1166 2350 1208 2380 V.
1234 2357 1372 2381 neum.
1398 2349 1500 2381 Coss.
1525 2351 1568 2382 L.
1593 2352 1730 2382 Marcio

359 2389 522 2428 Philippo
548 2393 581 2419 et
606 2392 686 2421 Sex.
712 2391 803 2422 lulio
829 2391 996 2424 Caesare.
1047 2393 1123 2424 vid.
1149 2394 1334 2425 Francisci
1361 2395 1518 2426 Fabricii
1542 2396 1732 2428 Marcodu-

361 2435 438 2464 rani
463 2435 625 2465 Historia
651 2434 849 2475 Ciceronis,
876 2446 906 2475 p.
932 2438 987 2468 23.
1014 2438 1095 2469 edit.
1116 2439 1328 2478 Heusinger.

314 2498 361 2535 '·)
386 2499 488 2530 Plato
512 2502 547 2531 in
574 2501 769 2533 Theaeteto
797 2511 827 2540 p.
859 2502 933 2534 117.
957 2512 1028 2544 seq.
1078 2506 1267 2543 Symposio
1298 2514 1330 2543 p.
1355 2506 1434 2536 333.
1469 2505 1509 2537 C.
1540 2495 1618 2545 seq.
1647 2505 1731 2536 Plu-

358 2544 650 2628 &glab-Logioels-i·
683 2547 853 2578 Platonic.
888 2548 912 2578 Ι.
944 2559 972 2585 p.
1006 2548 1104 2580 1033.
1135 2556 1207 2589 seq.
1255 2550 1419 2580 Biblioth.
1447 2549 1537 2581 Crit.
1563 2550 1643 2580 Vol.
1669 2549 1730 2580 ln.

314 2651 374 2692 ⁸⁸¹)
401 2653 605 2687 callimach.
633 2656 755 2697 Epigr.
782 2658 895 2689 ΧΧΙΙ.

363 2696 413 2730 Οὐ
439 2700 579 2736 νέμεσις·
629 2699 772 2733 Μοῦσαι
796 2701 862 2744 γὰρ
886 2699 987 2739 ὅσους
1011 2702 1083 2733 ἴδον
1106 2701 1233 2741 ὄμματι
1259 2703 1387 2739 παῖδας

405 2743 472 2785 Db}
497 2743 597 2785 λοξῷ,
621 2743 766 2782 πολιοὺς
790 2745 850 2778 οὐκ
874 2744 1052 2779 ἀπέθεντο
1078 2746 1206 2785 φίλους.
