1833 3237
628 206 959 248 -33-

201 319 353 359 'timaei
393 321 456 357 hio
494 321 649 357 libellus
697 325 758 357 est
797 332 847 357 ex
895 331 1046 369 genere
1091 333 1195 360 mere
1241 325 1510 373 grammatico.

92 379 234 423 Neque
263 378 366 414 enim
391 378 681 422 Philosophiam
712 377 885 425 attingit,
918 382 985 413 aut
1016 389 1134 415 voces
1162 379 1384 417 Platonicae
1416 393 1512 428 pro-

91 434 198 480 prias
228 434 430 469 doctrinae
462 432 725 480 persequitur:
766 443 891 477 neque
923 445 1009 469 cum
1041 435 1188 471 Critica
1219 438 1369 474 ratione
1411 449 1512 474 con-

89 491 268 526 iunctum
300 490 415 526 habet
444 499 603 534 munuS‚
647 492 690 523 ut
727 489 775 524 de
804 489 989 525 librorum
1021 492 1254 528 auctoritate
1285 494 1508 530 locorumve

90 546 280 593 germana
310 546 505 591 scriptura
534 544 750 580 iudicetur:
783 555 908 590 neque
939 556 1026 580 cnm
1057 547 1292 590 Rhetorica,
1326 553 1367 585 ut
1398 560 1508 585 com-
1522 550 1577 586 52

90 601 233 646 positio
265 602 548 645 artificiumque
578 601 764 635 orationis
795 602 1007 646 aperiatur.
1070 604 1142 638 Est
1174 604 1347 640 Lexicon
1395 607 1513 642 breve

90 657 370 692 vocabulorum
413 657 706 701 dictionumque
745 657 934 692 rariorum
977 661 1014 692 et
1054 659 1374 703 exquisitiorum‚
1413 673 1514 707 quae

89 713 344 760 grammatice
374 705 641 757 explicantur,
673 712 789 756 idque
822 713 1013 757 breviter,
1056 714 1160 749 nullo
1201 726 1286 751 cum
1319 718 1514 753 eruditio-

91 769 152 802 nis
183 771 395 814 apparatu,
427 768 546 802 nullis
577 768 739 803 aliorum
771 769 1011 813 Scriptorum
1043 771 1299 806 testimoniis:
1330 778 1514 808 accurate

91 828 219 859 tamen
253 828 293 859 et
320 823 558 870 diligenter,
595 824 744 858 utiliter
775 824 867 859 item
899 824 948 858 ad
980 825 1183 861 multorum
1224 827 1393 864 locorum
1426 839 1513 864 cum

88 879 390 926 intelligentiam
423 879 696 922 aperiundam,
738 882 818 913 tum
859 889 988 914 veram
1027 881 1233 917 lectionem
1264 884 1514 920 constituen-

89 935 206 969 dam.-
249 933 446 969 Credibile
479 937 559 975 est,
590 934 804 978 pleniorem
834 934 1162 983 amplioremque,
1194 948 1306 982 quam
1339 944 1377 973 ut
1410 951 1512 976 nunc

89 991 227 1036 fertur,
257 999 281 1023 a
311 989 471 1025 Timaeo
503 989 648 1024 editum
682 990 808 1025 fuisse
839 990 993 1035 librum,
1025 1001 1072 1026 ac
1103 995 1237 1036 postea
1266 995 1312 1029 ab
1344 995 1432 1030 aliis
1463 996 1512 1030 ad

91 1045 194 1081 hane
224 1045 455 1081 brevitatem
487 1046 697 1080 redactum.
754 1046 1050 1091 Interpoiatoris
1087 1057 1240 1093 quoque
1270 1060 1406 1086 manus
1437 1061 1513 1097 ap-

91 1104 224 1148 paret,
261 1111 348 1136 cum
385 1101 476 1135 aliis
506 1102 546 1135 in
578 1101 701 1146 locis,
742 1103 820 1135 tuin
853 1101 891 1136 in
922 1102 1065 1136 additis
1105 1105 1331 1149 frequenter
1360 1107 1511 1153 glossis

89 1157 337 1192 Herodoteis.
405 1157 502 1191 Eius
545 1157 667 1191 libelii
707 1157 926 1201 exemplum
968 1160 1149 1194 exstabat
1188 1161 1225 1195 in
1267 1161 1511 1197 Bibliotheca
1547 1172 1549 1175 ·

89 1211 343 1256 Coisliniana,
374 1211 477 1246 unde
509 1221 594 1246 euru
627 1211 665 1246 in
698 1222 815 1257 opere
849 1214 920 1248 hoc
951 1213 1036 1258 ipso
1070 1215 1221 1249 nominc
1245 1214 1509 1253 Bibliothecae

89 1267 356 1304 coislinianae
386 1267 577 1314 insignito
608 1268 784 1302 ediderat
818 1269 858 1304 Β.
892 1268 1274 1318 Montfauconusz*)
1308 1276 1345 1307 et
1366 1274 1510 1308 Ruhn-

88 1323 229 1370 kenius
260 1323 327 1369 qni
358 1323 445 1358 eius
475 1333 651 1358 seorsum
666 1320 727 1369 **)
759 1324 897 1359 edendi
929 1324 1135 1360 consilium
1166 1327 1355 1374 agitabat,
1385 1339 1510 1365 acen--

89 1381 213 1415 ratius
245 1390 294 1415 ex
324 1380 410 1425 ipso
446 1382 581 1414 vetere
613 1379 748 1415 codice
780 1380 1016 1425 descriptum
1049 1383 1267 1427 exemplum
1300 1385 1509 1421 nancisce-

87 1436 200 1471 batur
231 1435 419 1472 beneficio
449 1435 596 1481 Galiyi‚
624 1436 810 1472 Canonici
840 1437 1114 1483 Norvicensis,
1145 1449 1306 1483 quocum
1335 1442 1381 1475 aii
1417 1444 1510 1477 son-

88 1495 150 1527 tes
168 1489 467 1539 Spadanos***)
503 1493 676 1527 notitiam
702 1492 991 1538 amicitiamque
1022 1497 1283 1543 contraxerat,
1316 1498 1508 1543 cuiusque

90 1547 236 1583 nomini
265 1547 357 1583 item
389 1553 526 1593 postea
561 1548 711 1584 Timaei
743 1549 950 1584 editionem
982 1550 1195 1596 inscripsit.

201 1605 315 1639 Hunc
344 1603 468 1650 igitur
500 1604 672 1639 libellum
706 1605 1028 1640 nemsterhusius
1059 1610 1098 1640 et
1129 1607 1290 1653 dignum
1321 1609 1509 1644 censebat

89 1659 156 1704 qui
187 1659 377 1704 peculiari
408 1659 577 1693 editione
609 1663 832 1700 ornaretur,
864 1664 902 1695 et
932 1661 1113 1696 idoneum
1152 1663 1190 1697 in
1231 1673 1304 1708 quo
1336 1665 1507 1699 ornando

88 1715 229 1750 doctus
260 1715 384 1750 editor
413 1715 565 1749 doctior
596 1716 712 1750 etiam
742 1716 865 1751 fieret.
925 1716 1024 1751 Nam
1056 1727 1141 1751 cnm
1174 1729 1336 1763 semper,
1369 1723 1411 1754 ut
1442 1721 1508 1755 ‹li-

87 1770 240 1817 ximus,
271 1769 490 1813 iudicabat,
521 1771 694 1804 studium
731 1771 967 1815 excerpendi
1005 1773 1292 1817 annotandique
1317 1775 1356 1809 in
1388 1775 1506 1809 iuve-

88 1825 204 1861 nibus
234 1835 283 1860 ne
314 1825 562 1870 hebesceret,
603 1825 846 1860 retinendum
886 1826 1143 1871 alendumque
1182 1838 1271 1864 esse
1309 1830 1570 1874 proposito53

89 1885 195 1917 certo
225 1881 395 1916 alicuius
425 1881 516 1916 libri
547 1881 686 1917 edendi
723 1881 907 1916 consilio:
939 1885 1017 1917 tum
1050 1883 1141 1918 huic
1171 1884 1312 1920 edendi
1343 1886 1505 1922 consilio

88 1938 128 1973 in
147 1937 281 1983 primis
300 1937 611 1972 accommodatos
639 1947 729 1971 esse
750 1937 869 1972 libros
893 1939 1135 1982 grammatici
1153 1942 1376 1986 argumenti
1396 1943 1507 1978 arbi-

86 1993 275 2029 trabatur.
335 1993 392 2028 lta
425 1992 716 2027 Valckenarius
748 1992 977 2027 adolescens
1003 1996 1239 2030 tractaverat
1260 1997 1507 2035 Ammonium

87 2049 137 2084 de
167 2048 408 2084 Differentiis
440 2048 741 2091 Vocabulorum,
772 2052 815 2082 ut
845 2051 883 2082 et
922 2050 1112 2096 egregiae
1151 2051 1404 2088 fundamenta
1431 2055 1506 2089 do-

89 2104 238 2139 ctrinae
264 2104 422 2147 iaceret,
441 2106 480 2138 et
510 2104 788 2138 eruditissimis
815 2104 1218 2142 animadversionibus
1249 2111 1505 2144 conscriben-

88 2159 150 2194 dis
194 2159 446 2195 immortalem
484 2159 651 2194 nominis
699 2161 838 2194 famam
887 2166 1204 2206 consequeretur.
1270 2165 1329 2198 Ita
1369 2167 1504 2208 postea

87 2216 184 2261 pari,
215 2218 284 2250 aut
312 2215 432 2249 simili
462 2219 580 2259 certe,
611 2216 756 2259 fructu,
787 2215 998 2250 Piersonus
1021 2217 1239 2251 Moeridem
1264 2219 1502 2265 Atticistam,

88 2271 309 2308 Bernartius
339 2270 523 2306 'rhomam
553 2271 813 2320 Magistrum,
842 2271 1019 2306 Kocnius
1057 2272 1284 2308 Corinthum
1323 2275 1371 2310 de
1403 2276 1501 2310 Dia-

87 2327 213 2374 lecfis,
244 2330 501 2362 ornaverunt:
533 2328 782 2371 eamdemque
812 2335 966 2371 operam
994 2327 1206 2364 Glossariis
1228 2330 1501 2376 ilippocrateis

87 2445 117 2484 ⁸)
141 2447 280 2478 Titulus
297 2447 380 2478 libri
402 2450 469 2488 est,
497 2446 720 2480 Bibliotheca
744 2447 990 2490 Γαὶεἰὶηἱαηα,
1012 2450 1096 2481 olim
1119 2451 1349 2492 Sequerimm
1373 2470 1406 2474 —
1431 2452 1500 2484 Pa-

132 2493 231 2523 risiis
257 2492 355 2523 1715.

89 2533 134 2574 ”J
163 2536 314 2568 Cori-exi
339 2536 430 2574 quod
455 2540 490 2569 et
513 2538 569 2569 hic
594 2540 629 2569 et
653 2538 746 2568 iufra
771 2545 850 2578 pag.
877 2538 930 2569 ed.
957 2547 1008 2577 pr.
1040 2539 1114 2571 127.
1141 2540 1218 2571 169.
1244 2531 1323 2571 254.
1350 2542 1502 2574 barbare

133 2583 306 2620 scriptum
338 2584 417 2612 erat
453 2584 614 2613 seorsim.
664 2583 759 2613 Mate
784 2585 936 2620 positum
962 2584 1150 2623 aliquoties
1175 2587 1323 2616 seorsim
1348 2588 1383 2617 iu
1413 2588 1500 2618 Bibi.

134 2623 239 2666 Crit.‚
265 2627 344 2664 ipse
370 2627 551 2658 emendari
580 2629 685 2657 iussit.
710 2626 1009 2666 Vt'yttenbachins
1040 2630 1075 2659 in
1100 2628 1332 2669 corrigendis
1357 2631 1399 2661 ad
1425 2633 1502 2662 cai—

135 2675 212 2699 cem
243 2670 361 2702 Partis
395 2675 593 2707 extremae,
627 2674 712 2702 item
737 2674 774 2703 in
798 2673 930 2711 altera,
963 2674 1178 2714 siquando,
1209 2674 1364 2707 editione
1398 2676 1501 2707 Vitae

132 2713 274 2744 Ruhnk-
299 2720 540 2748 correcturus.
589 2717 661 2748 FR.

85 2777 143 2818 w)
174 2779 229 2811 cf.
257 2788 366 2820 snpra
394 2791 472 2823 pag.
497 2783 551 2813 43.
584 2783 634 2813 ed.
664 2793 713 2822 pr.
765 2785 836 2814 1³13.
