1833 3237
861 187 1195 226 „26—

312 300 472 338 serendi
501 297 777 345 iudicandique
820 298 932 335 dotes
959 298 1258 350 desideramus,
1298 300 1456 337 easdem
1498 303 1626 337 tamen
1655 311 1730 337 co-

313 357 463 405 piarum
483 359 524 393 et
549 357 761 402 apparatus
785 355 948 402 penuria
973 355 1178 392 obscurari
1201 355 1509 403 labefactarique
1527 356 1728 393 videmus:

312 423 427 459 quam
457 414 548 448 sunt
576 411 636 448 illi
657 411 745 459 viri,
777 414 817 448 et
846 412 910 448 sui
939 411 1119 460 quisque,
1150 413 1187 448 et
1215 411 1344 459 magis
1374 412 1491 449 etiam
1521 413 1728 450 Hemster-

309 468 430 514 husii,
461 467 732 514 Valckenarii,
761 468 1002 515 Ruhnkenii‚
1025 467 1290 514 similiumque
1311 467 1480 504 virorum
1499 468 1728 505 dissimiles.

308 524 505 563 Nimirum
532 524 803 570 interpretatio
834 526 895 560 est
924 534 988 560 res
1012 534 1087 559 non
1107 524 1218 560 modo
1242 524 1489 572 subtilitatis,
1517 525 1587 560 sed
1609 525 1727 561 etiam

309 578 546 616 testimoniie
576 583 616 616 et
645 579 769 616 omnis
799 580 1000 616 iudicandi
1029 580 1229 617 subtilitas
1260 590 1362 616 vana
1391 583 1452 616 est
1482 583 1521 616 et
1550 582 1725 628 fluctuat,

308 635 388 672 nisi
417 639 611 683 tamquam
641 637 893 672 fundamento
924 637 1070 672 nitatur
1092 637 1206 682 copia
1229 636 1435 673 >doctrinae
1456 647 1581 682 aeque
1608 646 1726 682 prae-

308 693 422 727 sente
461 695 502 728 et
543 695 697 739 parata3
741 695 785 728 ut
824 694 973 739 testes,
1014 701 1174 738 quorum
1213 692 1447 729 auctoritate
1489 692 1724 728 sententiam

307 749 412 784 tuam
444 750 637 795 tamquam
668 748 708 784 in
738 747 886 784 iudicio
916 748 1078 794 probes,
1117 747 1380 793 producantur
1409 751 1449 784 et
1478 748 1725 794 excitentur3

308 803 451 850 quippe
481 805 596 840 aliter
626 804 829 850 probatio,
860 806 978 850 atque
1008 803 1107 839 adeo
1137 803 1475 848 interpretationis
1504 814 1648 839 munus
1677 814 1726 839 ac

305 859 418 907 finis,
461 863 619 896 exstare
662 859 769 895 nullo
808 859 918 895 modo
960 861 1103 905 potest.
1164 861 1244 895 Iam
1285 869 1402 905 vero,
1447 859 1490 895 in
1526 859 1727 905 Scriptore

307 915 458 951 edendo
489 919 582 962 quot
613 919 705 951 sunt
723 915 1097 963 animadversiones,
1128 918 1185 951 tot
1215 918 1307 951 suut
1334 925 1502 952 caussae
1532 918 1571 951 et
1600 925 1723 961 quae-

304 971 476 1018 stiones,
507 981 670 1017 quarum
700 970 892 1018 cuiusque
922 971 1099 1018 probatio
1129 971 1216 1007 suis
1245 970 1323 1007 sibi
1353 974 1393 1008 et
1412 970 1658 1019 argumentis
1687 974 1728 1007 et

306 1027 473 1063 testibus
504 1027 746 1074 continetur3
796 1031 839 1063 ut
869 1028 1025 1064 testium
1058 1028 1141 1063 fere
1172 1028 1447 1064 innumerabili
1478 1027 1727 1063 multitudine

305 1093 404 1128 opus
434 1083 506 1129 sit,
544 1086 651 1118 tanta
690 1087 798 1119 certe
829 1094 930 1129 quae
971 1092 1044 1118 non
1077 1082 1153 1118 nisi
1193 1082 1354 1118 assidua
1383 1086 1422 1119 et
1452 1083 1727 1129 propemodum

303 1138 458 1175 infinita
488 1138 658 1175 lectione
689 1139 823 1187 colligi
855 1141 987 1185 queat.
1048 1139 1145 1182 Quid
1183 1136 1337 1186 igitur?
1373 1149 1422 1175 an
1453 1140 1657 1176 Gesnerus
1689 1142 1729 1175 et

304 1195 500 1233 Ernestus
541 1194 722 1241 antiquos
762 1196 985 1241 Scriptores
1024 1205 1098 1231 non
1142 1195 1303 1231 assidue
1342 1192 1558 1243 legebant?
1606 1196 1729 1242 Vero,

303 1250 464 1287 assidue
495 1251 702 1299 legebant:
733 1252 803 1287 sed
834 1261 970 1298 parum
999 1251 1250 1297 annotabam,
1281 1252 1384 1288 forte
1413 1251 1576 1288 aliarum
1603 1261 1726 1287 oceu-

304 1307 505 1353 pationum
536 1307 786 1344 multitudine
815 1303 1068 1355 impediti:*)
1100 1311 1138 1343 et
1168 1307 1216 1343 ad
1238 1307 1447 1354 plerasque
1470 1308 1587 1344 etiam
1611 1307 1726 1344 Scri-

303 1367 454 1410 ptorum
484 1363 678 1400 editiones
710 1363 913 1400 faciendas
937 1363 1067 1400 subito
1097 1367 1137 1400 et
1157 1365 1337 1410 imparati
1365 1364 1617 1401 accedebant.
1676 1366 1729 1400 Et

238 1421 549 1467 40reperiemus
582 1421 678 1469 fere,
709 1421 939 1469 ingeniosos
970 1421 1148 1466 quamvis
1178 1431 1225 1456 ac
1254 1421 1390 1457 doctos
1422 1421 1622 1468 homines,
1654 1420 1725 1456 sed

302 1476 342 1513 in
374 1477 595 1512 annotando
622 1482 659 1513 et
681 1477 945 1525 congerendis
976 1477 1215 1512 adversariis
1247 1478 1513 1524 negligentes,
1543 1477 1726 1513 infelices

303 1533 345 1569 in
387 1533 628 1569 emendando
669 1544 759 1569 esse
799 1534 1043 1569 coniectores
1082 1537 1122 1569 et
1162 1533 1336 1570 hebetes,
1396 1533 1584 1576 Scilicet,
1628 1532 1726 1568 haec

302 1589 475 1625 facultas
507 1589 676 1625 maxime
706 1590 933 1636 procuditur
973 1593 1012 1625 et
1041 1589 1197 1625 acuitur
1236 1590 1356 1625 multo
1389 1600 1465 1625 usu
1496 1592 1534 1624 et
1564 1589 1726 1637 linguae

303 1645 602 1692 consuetudine,
634 1656 748 1691 quam
767 1649 900 1681 tenere
926 1655 1037 1681 nemo
1058 1649 1203 1697 potest,
1234 1645 1310 1680 nisi
1331 1645 1397 1691 qui
1428 1645 1588 1681 multum
1612 1645 1726 1698 legit,

303 1711 379 1737 nec
409 1701 447 1737 id
479 1702 643 1737 effluere
685 1701 802 1750 sivit,
842 1701 911 1738 sed
952 1702 1082 1738 omnia
1121 1705 1160 1737 et
1191 1701 1342 1737 notavit
1371 1704 1412 1737 et
1442 1704 1575 1737 notata
1605 1711 1726 1748 saepe

303 1756 406 1793 inter
437 1766 481 1792 se
511 1758 763 1802 comparavit.

417 1813 624 1849 Caeterum
654 1812 940 1861 Ruhnkenius,
975 1813 1111 1849 eodem
1141 1815 1303 1849 auctore
1336 1813 1652 1860 liemsterhusio,
1684 1813 1724 1850 in

301 1869 571 1915 scriptoribus
602 1869 784 1917 legendis
815 1870 871 1906 ita
901 1870 1150 1919 versabatur,
1181 1879 1256 1905 non
1289 1872 1331 1905 ut
1362 1869 1541 1905 omnibus
1571 1880 1723 1915 acqua-

302 1925 398 1973 lem,
440 1925 509 1961 sed
541 1928 584 1961 ut
615 1926 812 1962 nonnullis
842 1927 1091 1972 praecipuam
1124 1925 1311 1961 tribueret
1341 1935 1521 1972 operam;
1559 1929 1602 1961 ut
1633 1926 1722 1961 sin-

301 1981 408 2029 gulis
439 1981 626 2028 deinceps
656 1982 778 2029 locis,
822 1992 897 2017 non
937 1982 1065 2018 solum
1106 1981 1358 2031 difficilibus,
1397 1982 1470 2017 sed
1509 1982 1724 2018 intellectis

302 2037 420 2074 etiam
449 2048 523 2073 sua
553 2039 736 2085 opinione
766 2048 813 2074 ae
853 2038 1062 2083 facilibus,
1105 2037 1282 2074 criticam
1323 2037 1572 2085 diligentiam
1603 2037 1722 2073 adhi-

302 2094 433 2140 beret3
483 2096 525 2129 ut
565 2096 793 2139 quaereret,
843 2103 931 2139 quov
957 2094 1127 2139 quidque
1167 2095 1399 2141 pertineret,
1442 2093 1533 2140 quid
1575 2103 1726 2140 verum,

302 2160 455 2194 sanum,
486 2159 728 2197 germanum,
754 2159 922 2186 secusve
948 2152 1068 2193 esset,
1090 2150 1257 2185 obscura
1278 2150 1725 2197 illustraret,-corrupta

304 2205 551 2252 emendaret,
592 2206 726 2251 spuria
756 2208 955 2253 argueret.
1014 2207 1099 2241 Hoc
1137 2205 1184 2239 ad
1219 2205 1359 2240 multas
1400 2205 1592 2240 utilitates
1623 2216 1723 2240 con-

300 2262 430 2297 silium
462 2263 673 2307 spectabat.
732 2261 831 2296 Nam
871 2261 950 2312 ita,
989 2260 1029 2296 in
1067 2261 1236 2307 legendo
1266 2260 1515 2296 excitabatur
1557 2260 1726 2312 animus,

302 2319 347 2354 ut
377 2327 584 2362 numquam
615 2318 863 2362 dormitaret,
903 2320 942 2353 et
971 2316 1144 2363 vigilans
1174 2317 1314 2362 ubique
1345 2316 1468 2352 aciem
1501 2316 1722 2352 intenderet

303 2372 548 2418 suspicacem
606 2376 644 2408 et
693 2373 959 2418 perspicacem
1014 2374 1053 2408 in
1107 2373 1341 2420 detegendis
1398 2373 1721 2418 interpolatorum

302 2428 512 2465 fraudibus
543 2431 582 2464 et
613 2429 855 2465 librariorum
878 2429 1104 2464 erroribus:
1134 2429 1203 2475 ita,
1233 2429 1433 2476 ingenium
1465 2430 1723 2465 exercebatur

302 2483 351 2520 ad
382 2485 571 2529 criticam,
602 2485 666 2520 eui
696 2488 826 2520 natum
858 2488 954 2530 erat,
986 2485 1235 2522 facultatem:
1277 2484 1356 2536 ita,
1387 2484 1571 2530 paulatim
1603 2484 1721 2520 colli-

302 2540 469 2588 gebatur
502 2541 666 2577 materia
688 2541 961 2578 conscribendi
991 2540 1126 2593 libelli,
1156 2549 1231 2586 quo
1254 2539 1465 2576 doctrinam
1485 2539 1721 2576 adolescen-

300 2682 332 2722 ‘J
356 2681 410 2713 Cf.
443 2681 486 2711 de
513 2682 677 2714 Ernestio
716 2684 809 2715 iutra
835 2692 916 2724 pag.
943 2682 1018 2714 115.
1054 2681 1109 2712 ed.
1139 2689 1190 2719 pr.
1242 2682 1293 2713 De
1315 2681 1476 2713 Gesnero
1501 2682 1720 2722 Bergmanus

345 2726 806 2815 ssggegg.igrslfusli'{5⁸ueri
841 2729 884 2761 de
918 2736 958 2760 se
992 2727 1230 2760 testimonium
1262 2728 1298 2758 in
1333 2727 1443 2767 Epist.
1479 2725 1523 2757 ad
1547 2727 1716 2759 Moshem.
