1833 3237
638 218 944 261 —111-

88 334 226 381 Neque
256 335 429 370 nostrum
459 335 520 369 est
549 336 678 370 actum
708 331 924 381 agere‚qui
955 332 1004 368 de
1034 329 1123 367 libri
1155 329 1242 366 hius
1272 332 1502 377 argumento

92 392 278 427 accurate
318 389 554 435 copioseque
594 390 869 434 exposuimus,
907 387 1179 424 Bibliothecae
1210 385 1382 422 Criticae
1414 385 1504 421 Vol.

90 448 143 484 11.
173 446 287 482 Parte
315 446 406 482 IV„:
436 445 502 481 ubi
533 444 650 481 etiam
691 444 835 491 Hymni
865 443 1134 479 auctoritatem
1165 445 1205 479 et
1234 441 1502 486 antiquitatem

90 500 378 539 vindicavimus
417 501 609 536 adversus
654 499 981 547 reprehensiones
1012 499 1166 535 Nicolai
1195 500 1396 546 Ignarum,
1427 496 1503 532 viri

90 557 316 594 doctissimi.

205 623 365 660 Solebat
396 622 498 659 haud
529 621 713 670 exiguam
744 620 979 657 subsecivae
1007 629 1149 666 operae
1167 623 1312 666 partem
1333 619 1507 655 tribuere

93 679 345 727 perlegendis
376 678 568 726 catalogis
598 678 795 724 librorum,
826 676 914 713 sive
951 686 1021 723 per
1049 675 1253 712 auctiones
1282 675 1506 712 divenden-

90 735 237 780 dorum,
268 735 354 771 sive
382 734 422 770 in
454 733 710 770 bibliothecis·
731 732 895 779 publicis
925 735 1194 777 servatorum;
1225 732 1328 767 unde
1360 733 1506 767 sactum

90 794 166 837 est,
207 794 248 827 ut
277 790 465 826 rariorum
496 790 762 838 cognitionem
803 789 1004 835 librorum,
1042 789 1118 824 iam
1159 787 1200 822 in
1231 786 1397 834 Bergeri
1438 786 1504 821 di—
1522 784 1606 822 185

91 847 256 892 sciplina
285 850 520 893 perceptam,
551 846 734 881 continuo
763 848 945 892 augeret,
974 844 1196 889 multosque
1226 853 1313 879 cum
1335 841 1409 878 sibi
1432 841 1505 888 pri-

93 902 227 946 vatim,
257 905 336 938 tum
368 901 524 947 publice
555 900 813 936 bibliothecae
853 899 1214 947 Lugdunobatavae
1244 899 1365 934 libros
1396 907 1507 934 com-

91 960 268 1004 pararet:
299 967 372 993 nec
405 956 522 992 facile
552 965 639 992 cum
670 956 830 1003 fugeret
859 955 984 1002 locus,
1015 955 1082 991 ubi
1113 954 1300 990 ineditum
1320 953 1505 998 Antiqui-

91 1013 185 1050 tatis
221 1015 508 1049 monumentum
547 1012 698 1048 lateret.
772 1010 908 1047 Veluti
946 1010 1009 1046 hie
1045 1020 1133 1046 eum
1174 1019 1299 1044 annus
1338 1009 1506 1055 egregio

91 1069 226 1106 beavit
264 1078 437 1104 munere.
511 1067 612 1104 Nam
651 1078 700 1104 ex
747 1065 1005 1112 inscriptione
1047 1065 1233 1102 Iohannis
1272 1063 1507 1101 Damasceni

42 1154 54 1160 ,
91 1125 133 1161 in
154 1124 344 1172 catalogo
372 1122 632 1160 bibliothecae
660 1122 883 1169 Mediceae‚
913 1121 1147 1158 luculentam
1178 1123 1376 1166 capturam
1407 1119 1507 1155 sub-

91 1181 292 1231 odoratus7
321 1190 369 1216 ea
398 1179 545 1226 potitus
586 1182 647 1215 est.
686 1180 832 1215 absens
861 1178 1022 1214 aliorum
1051 1177 1090 1214 in
1121 1176 1379 1213 describendo
1408 1185 1506 1211 usus

91 1246 224 1283 opera,
254 1235 468 1280 retulitque
497 1234 654 1281 insigne
699 1234 1010 1281 supplementum
1038 1232 1246 1279 Florilegii
1276 1230 1507 1282 stobaeani,

90 1291 264 1339 locuples
293 1290 390 1327 illud
427 1301 475 1326 ae
512 1291 700 1326 refertum
738 1289 900 1326 ineditis
928 1290 1057 1335 iisque
1087 1286 1438 1335 praestantissimis
1468 1290 1507 1322 et

90 1347 424 1394 disputationibus
454 1345 775 1393 Philosophorum
792 1349 830 1382 et
845 1345 1054 1381 sententiis
1076 1346 1295 1381 Poetarum.
1306 1339 1347 1390 *J
1376 1343 1510 1388 Atque

93 1405 166 1441 hoc
195 1415 292 1440 sane
321 1403 407 1439 loco
437 1402 674 1449 dubitemus,
706 1402 798 1448 quid
829 1402 958 1452 magis
987 1401 1184 1447 miremur,
1215 1398 1439 1435 studiumne
1468 1398 1507 1434 in

92 1460 314 1509 indagando
345 1462 384 1495 et
414 1459 695 1504 consectando,
725 1469 775 1494 an
804 1457 1005 1494 liberalem
1035 1460 1076 1493 et
1105 1455 1297 1503 pecuniae
1328 1457 1506 1491 contem-

91 1521 214 1553 torem
243 1516 281 1552 in
311 1526 354 1552 re
382 1518 422 1551 et
451 1516 608 1551 fortuna
635 1513 819 1551 mediocri
849 1513 1029 1560 animum,
1054 1513 1103 1549 ad
1134 1515 1300 1559 summai,
1330 1510 1508 1557 quamvis

91 1581 271 1621 magnos,
300 1570 518 1608 Literarum
549 1581 691 1607 caussa
721 1570 938 1607 faciundos.

206 1648 326 1686 Edito
355 1648 423 1686 illo
452 1650 691 1694 Hymnorum
720 1652 759 1685 et
789 1647 1051 1694 Epistolarum
1070 1645 1304 1682 Criticarum
1335 1644 1507 1681 volumi-

93 1715 157 1753 ne,
187 1705 388 1751 proximus
422 1707 518 1752 erat,
562 1714 677 1751 quem
716 1707 913 1751 promeret
944 1707 982 1739 et
1012 1702 1059 1738 ad
1091 1702 1299 1738 editionem
1330 1700 1508 1737 instrue-

92 1765 167 1813 ret,
213 1761 323 1797 Plato
364 1759 539 1809 (1783.)
598 1763 734 1807 Hunc,
773 1764 815 1796 ut
852 1763 968 1795 antea
1005 1757 1158 1794 Timaei
1197 1768 1340 1793 caussa
1369 1757 1510 1792 iterum

93 1817 312 1862 iterumque
351 1816 591 1862 lectitatum,
626 1819 672 1865 ‚et
709 1819 848 1861 postea
886 1813 1061 1860 quotidie
1103 1815 1317 1858 versatum,
1349 1814 1509 1848 recente

92 1873 280 1909 memoria
311 1873 486 1908 tenebat:
510 1874 550 1907 et
579 1871 766 1917 quidquid
805 1869 988 1918 legendis
1018 1869 1108 1905 aliis
1137 1867 1403 1915 scriptoribus
1433 1867 1511 1913 ipsi

93 1929 264 1965 oblatum
312 1928 361 1964 ad
410 1928 608 1964 Platonem
651 1929 785 1963 facere
831 1926 1055 1977 videretur,
1105 1925 1243 1961 sedulo
1290 1924 1510 1974 annotabat.

95 1984 477 2032 Edenburgensibus
515 1993 652 2018 novam
696 1982 906 2017 editionem
946 1981 1196 2016 molientibus
1235 1983 1325 2015 ante
1363 1977 1509 2026 viginti

92 2050 230 2086 annos,
269 2049 436 2085 eumque
474 2038 720 2085 rogantibuS,
758 2040 801 2073 ut
840 2046 995 2083 operam
1026 2035 1124 2081 ipsis
1154 2045 1264 2071 suam
1294 2035 1507 2081 addiceret,

92 2096 150 2131 ita
178 2095 446 2140 responderat,
482 2097 525 2130 ut
564 2103 608 2129 se
644 2094 693 2128 ab
730 2103 862 2129 eorum
903 2093 1085 2128 instituto
1125 2101 1200 2127 non
1240 2091 1410 2128 alienum
1456 2101 1505 2126 o-

93 2150 307 2187 stenderet.
368 2149 534 2196 Dialogo
574 2148 771 2185 Alcibiadi
812 2148 947 2194 Priori,
976 2147 1170 2184 Francice
1207 2147 1358 2182 reddito
1390 2156 1507 2192 opera

94 2208 140 2243 Τ.
170 2205 301 2252 Fabri,
331 2208 371 2241 et
399 2206 564 2251 repetito
596 2204 880 2242 Amstelodami
920 2203 1101 2252 (1766.),
1141 2203 1348 2238 nonnullas
1378 2202 1506 2238 inter-

91 2261 323 2309 pretationis
353 2261 618 2297 correctiones
649 2260 862 2296 adiecerat.
923 2259 1001 2295 Sed
1035 2262 1073 2294 et
1104 2259 1201 2294 haec
1230 2258 1330 2293 levis
1362 2258 1503 2306 opella,

94 2321 133 2355 et
161 2317 258 2354 illud
295 2317 447 2353 irritum
479 2317 553 2353 fuit
590 2316 821 2352 institutum.
882 2315 1000 2350 Nunc
1030 2325 1140 2350 suam
1170 2314 1257 2359 ipse
1293 2324 1373 2349 rem
1403 2324 1506 2361 age-

91 2375 178 2411 bat:
224 2374 264 2410 in
309 2373 497 2421 Platone,
543 2375 586 2409 ut
632 2370 956 2416 Philosophorum
1004 2369 1200 2416 principe,
1249 2370 1421 2405 ornando
1466 2374 1505 2405 et

92 2429 259 2475 edendo,
294 2429 477 2475 princeps
515 2438 562 2464 ac
602 2426 830 2474 palmarium
875 2426 948 2462 sibi
986 2436 1084 2472 opus
1129 2426 1379 2472 proponebat.
1447 2427 1504 2462 At

93 2486 331 2532 propositum
381 2486 521 2521 effectu
571 2483 721 2528 caruit;
770 2482 912 2528 quippe
959 2484 1204 2519 confutatum
1249 2482 1384 2518 eodem
1424 2481 1504 2524 illo,

93 2542 142 2577 de
180 2551 255 2587 quo
293 2551 414 2588 supra
450 2540 557 2587 dixi,
597 2548 770 2576 summae
807 2538 1061 2585 perfectionis
1099 2538 1186 2574 sive
1224 2537 1375 2583 studio,
1418 2538 1504 2573 sive

94 2704 121 2745 ’)
146 2705 245 2744 Quod
269 2708 564 2747 supplementum,
589 2707 728 2748 paginis
753 2707 921 2737 constans
939 2706 1137 2744 octoginta,
1154 2705 1370 2736 novissimae
1385 2704 1506 2736 Flori-

139 2751 225 2791 legii
249 2751 408 2793 editioni,
435 2752 562 2784 Oxonii
587 2759 740 2784 excusae
765 2758 797 2782 a.
814 2749 927 2789 1822„
952 2750 1167 2791 Appendieis
1183 2751 1266 2782 loco
1285 2750 1326 2782 Τ.
1342 2750 1403 2781 lV.
1421 2749 1504 2780 sub-

135 2797 220 2827 iecit
244 2813 285 2818 —
311 2797 374 2828 Tu.
400 2797 579 2837 Gaisford,
605 2798 704 2828 cuius
728 2797 867 2837 legatur
891 2796 1007 2828 Praef.
1032 2796 1073 2828 Τ.
1097 2795 1124 2828 1.
1148 2804 1182 2836 p.
1205 2795 1299 2828 vul.
1333 2793 1504 2826 BERGM.

1527 2032 1611 2069 186
