1816 3233
642 191 954 233 —135-

115 318 197 344 rum
229 305 420 351 Historia3
451 309 493 341 ut
523 306 697 342 homines
727 307 876 343 Graece
917 306 1131 351 Latineque
1160 305 1318 356 doctos,
1347 303 1528 348 criticos,

115 361 386 411 Antiquarios,
416 362 921 405 GrammaticoS‚‘editores
953 364 991 397 et
1021 361 1255 406 interpretes
1284 360 1526 406 antiquorum

115 419 379 464 scriptorum,
416 428 630 464 eorumque
660 417 853 454 editiones
893 420 932 453 et
961 417 1279 464 commentarios,
1317 416 1357 452 in
1389 425 1528 452 nume-

116 479 200 511 rato
221 473 459 522 haberet:*)
492 485 563 510 nec
594 474 696 510 ullus
729 474 804 509 fuit
834 474 957 509 bonus
988 473 1087 509 liber
1121 477 1197 508 tam
1218 483 1344 519 rarus,
1375 471 1524 508 ateius

117 530 255 567 notitia
293 531 419 576 ipsum
463 532 629 578 fugeret.
700 529 808 572 Quod
840 530 873 564 si
905 530 1021 565 etiam
1051 534 1299 576 reputemuS,
1339 539 1446 575 eum,
1486 528 1524 563 in

116 587 191 623 hoc
227 589 458 634 argumento
500 586 723 630 tractando,
767 589 806 621 et
845 586 1006 621 rationis
1036 589 1076 620 et
1114 586 1300 622 orationis
1330 583 1527 632 elegantia
1549 582 1630 619 226

115 643 291 690 proxime
327 643 375 677 ad
415 643 604 679 Veterum
646 642 919 688 praestantiam
963 642 1206 684 accessisse,
1245 642 1372 677 minus
1412 640 1526 676 etiam

116 698 380 735 dubitabimus
412 699 668 744 principatum
700 698 737 733 ei
768 698 842 734 hoe
870 698 908 733 in
941 707 1089 745 genere
1119 698 1287 733 deferre,
1346 697 1424 733 Sed
1453 696 1526 731 be-

116 765 165 790 ne
195 754 390 790 scribendi
421 755 587 790 facultas
627 754 703 790 fuit
741 754 778 789 in
819 754 1054 790 Ruhnkenio
1094 752 1310 801 singularis
1340 752 1527 799 quaedam

115 810 317 847 doctrinae
346 811 452 846 laus:
483 810 531 846 de
561 822 637 856 qua
666 811 741 846 iam
772 810 978 846 dicendum
1009 813 1084 847 est.

199 866 409 902 Doctrinae
439 867 605 901 studiosi
635 866 812 901 homines
842 869 934 901 sunt
974 866 1083 902 cives
1113 865 1274 901 duarum
1306 865 1528 901 civitatum:

114 921 336 972 popularis,
373 922 412 956 in
450 932 525 966 qua.
564 921 728 967 quisque
768 921 887 957 vivit:
926 924 965 956 et
1004 922 1204 970 literatae,
1244 921 1446 966 dispersae
1485 930 1529 953 ae

113 977 279 1014 diffusae
320 987 388 1022 per
427 987 561 1013 omnes
593 977 800 1023 populares
832 976 1036 1022 civitates,
1079 986 1178 1022 quae
1207 980 1264 1011 tot
1293 980 1405 1019 sunt,
1438 979 1530 1020 quot

111 1036 206 1070 sunt:
235 1033 368 1078 populi
399 1033 556 1069 diversa
585 1035 632 1069 ab
663 1033 751 1068 aliis
789 1032 942 1079 sibique
985 1033 1140 1078 propria
1169 1033 1344 1068 oratione
1382 1034 1422 1067 et
1451 1031 1526 1066 lin—

113 1099 196 1137 gua
232 1093 401 1125 utentes.
468 1089 668 1125 Literatae
710 1089 884 1125 civitatis
929 1100 1004 1125 una
1045 1092 1104 1125 est
1150 1089 1364 1124 communis
1394 1087 1530 1134 lingua

114 1145 269 1182 Latina.
329 1146 439 1180 Hanc
468 1146 640 1192 linguam
669 1145 724 1179 ita
754 1148 899 1192 tenere,
930 1148 972 1180 ut
1002 1145 1117 1180 huius
1147 1144 1323 1180 civitatis
1353 1143 1530 1189 quamvis

113 1201 191 1235 late
218 1201 388 1246 patentis
419 1200 613 1237 vinculum
645 1201 911 1248 contineatur,
943 1204 985 1236 ut
1016 1204 1054 1237 te
1093 1211 1227 1236 omnes
1256 1201 1364 1235 cives
1395 1202 1433 1235 et
1464 1200 1528 1234 in-

113 1256 319 1306 telligant,
360 1259 398 1291 et
437 1267 525 1292 cum
563 1257 845 1302 delectatione,
883 1257 1002 1292 animi
1040 1259 1203 1302 affectu,
1245 1256 1446 1292 doctrinae
1484 1265 1530 1290 ac

113 1313 271 1349 virtutis
300 1314 452 1358 fructu,
495 1312 629 1360 legant
669 1316 706 1347 et
735 1312 915 1357 audiant;
957 1323 1084 1348 nonne
1115 1311 1315 1358 praeclara
1345 1310 1530 1356 quaedam

112 1372 175 1405 est
213 1365 415 1405 facultas?
473 1369 525 1404 Et
570 1369 670 1404 hanc
708 1368 931 1404 facultatem
980 1379 1094 1414 quum
1142 1369 1317 1414 perfecte
1364 1367 1530 1402 tenuerit

113 1425 394 1470 Ruhnkenius‚
435 1434 562 1461 nonne
603 1428 700 1460 haec
739 1425 848 1470 laus,
893 1425 1072 1469 quamvis
1108 1434 1362 1472 magnarum,
1406 1422 1531 1469 ipsius

115 1481 272 1517 laudum
303 1490 445 1527 magna
476 1481 653 1517 accessio
684 1480 819 1516 haberi
850 1478 993 1516 debet?
1037 1481 1165 1527 Igitur
1195 1491 1311 1526 quum
1343 1490 1366 1514 a
1397 1482 1534 1514 natura

114 1537 361 1581 acerrimum,
391 1540 433 1572 ut
462 1547 581 1583 saepe
611 1537 946 1584 significavimus,
978 1537 1103 1582 pulcri
1135 1537 1343 1582 decorique
1373 1544 1531 1570 sensum

116 1597 256 1629 nactus
286 1599 417 1640 esset,
457 1604 622 1638 eumque
662 1593 846 1629 continua
877 1594 1064 1628 Veterum
1107 1593 1277 1629 lectione
1307 1593 1533 1634 exerceret,

116 1659 281 1685 necesse
321 1652 426 1695 erat,
467 1652 511 1684 ut
547 1649 660 1696 ipse,
700 1649 857 1694 siquid
888 1649 1102 1696 scriberet,
1148 1650 1339 1684 Veterum
1377 1646 1533 1693 optimis

114 1705 336 1740 simillimus
376 1715 467 1740 esse
506 1710 678 1751 cuperet.
735 1705 815 1741 Sed
848 1705 919 1740 liac
958 1704 997 1740 in
1039 1715 1182 1740 caussa
1210 1714 1321 1740 nemo
1352 1713 1428 1739 non
1460 1705 1533 1749 est,

115 1761 182 1806 qui
223 1760 362 1797 Latine
392 1761 549 1796 scribit:
595 1770 704 1796 nemo
737 1770 809 1796 non
850 1761 957 1805 cupit
987 1761 1035 1795 ad
1077 1761 1262 1796 Veterum
1301 1758 1533 1794 similitudi-

116 1827 203 1853 nem
242 1817 446 1853 accedere.
506 1816 630 1861 Atqui
670 1825 801 1851 eorum
834 1816 896 1860 qui
930 1816 1114 1861 cupiunt,
1155 1826 1266 1861 quam
1304 1814 1422 1860 pauci
1462 1814 1625 1852 1100227

116 1869 410 1918 assequuntur?
467 1872 660 1908 Nimirum
712 1882 853 1908 sensus
900 1872 1026 1917 pulcri
1074 1872 1304 1919 decorique,
1354 1871 1532 1916 quamvis

114 1939 228 1977 acer,
260 1939 335 1964 non
365 1929 464 1964 satis
494 1939 563 1974 per
592 1939 634 1964 se
665 1929 749 1973 ipse
780 1928 884 1962 valet
914 1928 960 1962 ad
996 1928 1093 1963 bene
1131 1926 1328 1965 scribendi
1358 1927 1532 1962 faculta-

117 1988 218 2031 tem3
258 1987 410 2030 oportet
450 1988 492 2019 ut
531 1984 583 2019 sit
612 1984 714 2019 idem
755 1988 865 2018 tener
904 1986 943 2018 et
984 1983 1111 2018 mollis
1151 1983 1200 2018 ad
1239 1982 1531 2028 suscipiendam

116 2042 241 2077 bonae
271 2039 497 2076 Latinitatis
528 2035 712 2088 formam,
751 2039 852 2074 idem
884 2042 1000 2075 tenax
1031 2049 1077 2074 ac
1106 2039 1238 2075 firmus
1269 2038 1317 2073 ad
1347 2049 1433 2074 eam
1463 2048 1532 2074 re-

114 2096 336 2132 tinendam:
388 2106 499 2141 porro
529 2095 692 2132 accedat
729 2097 880 2141 oportet
919 2094 1090 2140 diligens
1135 2098 1174 2130 et
1221 2094 1404 2130 continua
1445 2105 1530 2130 cum

117 2152 257 2197 lectio,
295 2155 375 2187 tum
406 2151 582 2197 scriptio.
641 2153 692 2187 Et
733 2161 826 2186 vero
859 2152 955 2186 bene
986 2151 1126 2186 Latine
1163 2150 1338 2186 scribere
1366 2150 1531 2195 duabus,

117 2210 161 2245 ut
189 2208 316 2254 ipsum
348 2217 484 2243 nomen
505 2208 716 2255 significat,
748 2209 901 2242 constat
933 2207 1121 2252 partibus,
1144 2206 1290 2243 Latine
1310 2206 1530 2251 scribendo,

114 2266 155 2300 et
184 2265 279 2300 bene
309 2264 535 2300 scribendo:
579 2263 720 2309 prioris
750 2263 847 2298 llaec
886 2265 945 2297 est
977 2263 1062 2312 vis,
1106 2265 1148 2297 ut
1177 2262 1300 2297 oratio
1331 2262 1383 2297 sit
1419 2271 1530 2311 pura,

116 2320 290 2365 sincera,
329 2320 556 2367 emendata,
617 2319 667 2354 nil
711 2319 851 2354 habeat
896 2318 1065 2353 sordium
1104 2328 1126 2352 a
1164 2318 1384 2353 recentiore
1420 2328 1534 2363 aevo,

122 2376 176 2412 nil
215 2376 385 2411 alienum
423 2387 445 2410 a
483 2375 767 2411 consuetudine
804 2374 944 2409 Latina
982 2377 1021 2410 et
1059 2373 1322 2410 Grammatica
1357 2374 1531 2409 ratione:

124 2432 374 2479 posterioria,
419 2436 460 2467 ut
497 2435 534 2467 et
565 2434 860 2481 argumentum,
891 2430 939 2465 de
970 2440 1044 2475 quo
1076 2430 1306 2475 scribimus,
1349 2433 1532 2465 accurate

112 2488 314 2533 cognitum
356 2491 682 2533 perspectumque
721 2487 832 2522 nobis
869 2486 939 2531 sit,
981 2489 1018 2521 et
1061 2496 1154 2532 pura
1190 2486 1259 2521 illa
1301 2485 1531 2531 sinceraque

118 2544 257 2580 Latina
304 2544 476 2580 oratione
528 2543 747 2589 explicetur
799 2546 1013 2588 opportune
1062 2546 1100 2578 et
1147 2542 1436 2578 accommodate
1484 2542 1529 2577 ad

119 2599 260 2645 triplex
290 2600 539 2645 eloquentiae
574 2610 737 2643 munuS,
777 2599 814 2634 id
849 2600 928 2645 est,
971 2599 1178 2644 perspicue
1215 2598 1264 2634 ad
1304 2598 1532 2643 docendum,

111 2729 143 2765 ³)
170 2729 194 2760 1.
229 2738 259 2761 e.
296 2731 328 2759 iu
366 2734 524 2770 promptu
550 2730 712 2768 liaberet,
739 2730 828 2760 bene
853 2731 1014 2769 cognitos
1047 2729 1200 2761 liaberet.
1249 2730 1302 2761 Cf.
1338 2729 1455 2769 Spald.
1489 2727 1531 2758 ad

162 2775 327 2812 Quinctil.
355 2776 412 2814 Vl,
437 2777 469 2811 3,
498 2774 572 2807 111.
620 2775 690 2806 FR.
