1833 3237
823 201 1149 240 ..14-

379 313 637 354 Ruhnkenius
667 313 903 360 Lugdunum
935 312 1197 360 proficiscitur
1237 310 1378 349 comite
1407 313 1550 350 iuvene
1579 322 1680 361 quoa

267 372 356 409 dam
403 373 531 408 nobile
578 380 623 405 ac
667 369 804 421 divite,
818 367 857 417 *J
914 369 1006 406 inde
1052 380 1123 416 per
1177 368 1276 404 alias
1327 370 1507 417 Europae
1555 372 1681 406 terras

267 428 587 476 peregrinaturo:
620 428 727 462 recto
757 436 804 461 ac
833 425 1064 462 brevissimo
1094 424 1218 461 tendit
1256 424 1421 471 itinere,
1467 425 1574 462 nulla
1603 425 1681 460 iam

267 483 499 519 diverticula
537 483 709 528 captans.
778 482 954 518 Habebat
992 480 1324 517 commendatitias
1364 480 1499 516 literas
1536 480 1682 518 Ritteri

267 540 315 574 ad
347 539 569 575 Ruckerum
587 538 899 574 Iureconsultum
917 539 1221 573 Antecessorem
1244 539 1283 571 et
1305 536 1519 572 Gerardum
1539 536 1683 573 Meet-

267 604 449 630 mannum
485 593 703 639 syndicum
742 589 1212 641 Rotterodamensem‚**)
1252 591 1414 640 Bergeri
1463 592 1514 626 ad
1552 592 1682 627 Fran·—

198 650 253 687 20
270 650 417 685 ciscum
458 649 775 694 Oudendorpium
815 649 1074 685 Historiarum
1116 652 1154 685 et
1183 648 1442 693 Eloquentiae
1473 648 1684 683 Professo-

268 716 370 741 rem:
414 705 462 740 ad
501 716 617 741 unum
649 705 1009 750 Hemsterhusium,
1045 714 1158 750 quem
1198 714 1315 739 unum
1345 707 1384 739 et
1413 704 1616 750 spectabat
1645 705 1686 738 et

268 761 485 808 cogitabat,
532 760 668 796 literas
717 769 792 795 non
831 760 1010 796 habebat.
1076 760 1203 794 Huius
1242 758 1453 794 amicitiam
1482 769 1554 794 sua
1582 758 1685 809 ipse,

267 816 374 852 nulla
403 816 552 862 aliena,
582 815 937 861 commendatione,
967 814 1051 850 sola
1079 814 1282 850 doctrinae
1311 813 1609 859 coniunctione,
1640 823 1686 848 se

267 871 345 907 sibi
382 871 678 907 conciliaturum
710 874 817 906 certo
848 869 1078 905 confidebat.
1135 871 1269 915 Hunc,
1309 869 1425 904 simul
1454 871 1587 904 urbem
1617 868 1685 904 in-

267 937 434 975 gressus
465 929 538 971 est,
569 925 729 961 relictis·
751 925 841 961 aliis
867 925 1053 973 negotiis,
1085 925 1266 961 continuo
1289 924 1381 970 adit,
1411 924 1551 960 Latine
1581 924 1685 960 allo-

268 983 411 1028 quitur,
442 985 573 1017 narrat
602 981 690 1026 quis
722 985 761 1016 et
790 981 893 1017 unde
924 982 996 1027 sit,
1028 992 1077 1017 ex
1107 981 1252 1017 Ritteri
1282 980 1525 1027 Bergerique
1557 980 1686 1015 disci-
1720 984 1721 987 ’

268 1038 375 1084 plina
408 1047 452 1073 se
483 1037 597 1077 unice
619 1037 855 1084 Lugdunum
887 1037 1059 1083 venisse,
1089 1039 1131 1072 ut
1151 1035 1502 1072 Hemsterhusiana
1520 1035 1685 1072 institu-

268 1094 378 1129 tione
414 1093 461 1127 ad
505 1093 742 1128 Graecarum
781 1092 985 1127 scientiam
1017 1092 1236 1128 Literarum
1267 1091 1493 1140 proficeret,
1524 1101 1687 1137 eamque

268 1148 394 1185 redux
423 1148 633 1194 aliquando
663 1148 702 1183 in
734 1148 942 1184 Germania
965 1147 1195 1194 explicaret.
1257 1146 1577 1197 Hemsterliusius
1600 1150 1689 1182 sta-

269 1204 337 1240 tim
373 1204 673 1249 animadvertit,
717 1204 822 1239 hunc
863 1213 937 1240 non
968 1214 1058 1240 esse
1088 1213 1137 1239 ex
1165 1203 1321 1250 vulgari
1351 1213 1499 1250 genere
1529 1203 1688 1239 studio-

270 1270 357 1296 sum
394 1262 433 1296 et
472 1260 743 1295 salutatorem:
783 1260 965 1308 agnoscit
996 1259 1199 1308 egregiam
1230 1259 1422 1306 indolem,
1466 1262 1505 1294 et
1534 1258 1688 1307 ingenii

272 1316 528 1364 elegantiam:
559 1315 721 1352 miratur
751 1316 977 1361 doctrinae,
1010 1316 1187 1361 quamvis
1228 1315 1268 1350 in
1299 1315 1568 1361 adolescente,
1599 1325 1688 1351 ma-

272 1372 492 1418 turitatem,
532 1372 721 1408 sermonis
767 1372 898 1409 Latini
936 1372 1162 1407 inusitatam
1199 1371 1429 1407 bonitatem:
1473 1374 1555 1407 tum
1593 1380 1688 1407 vero

273 1429 518 1474 amplexatur
552 1428 760 1464 candorem
798 1429 1040 1475 ingenuum,
1079 1429 1143 1473 qui
1185 1427 1362 1473 quemvis
1393 1427 1508 1463 etiam
1539 1426 1690 1463 doctri-

273 1494 348 1520 nae
381 1484 563 1532 ignarum
602 1484 721 1519 facile
758 1489 934 1531 caperet:
978 1484 1126 1532 gaudet
1156 1483 1391 1530 discipulum
1421 1483 1499 1519 sibi
1528 1483 1691 1519 venisse

275 1551 350 1576 non
381 1541 544 1576 tironem
577 1543 614 1575 et
644 1540 801 1585 rudem,
832 1541 901 1576 sed
932 1541 1144 1576 universae
1180 1539 1256 1575 iam
1288 1539 1519 1575 eruditionis
1550 1539 1690 1585 supel-

273 1596 406 1631 lectile
437 1596 681 1639 instructum,
713 1596 777 1632 cui
808 1597 856 1631 ad
886 1597 1171 1643 perfectionem
1203 1597 1276 1630 non
1306 1595 1383 1631 nisi
1412 1595 1549 1631 ultima
1578 1594 1691 1640 quasi

274 1661 411 1687 manus
442 1655 481 1687 et
510 1652 601 1686 lima
631 1651 800 1689 deesset.
839 1653 967 1699 Igitur
996 1652 1118 1698 prima
1147 1651 1214 1686 illa
1245 1650 1488 1697 congressio,
1518 1653 1562 1686 ut
1590 1649 1692 1686 solet

277 1707 362 1742 fieri
391 1707 432 1742 in
463 1707 679 1742 studiorum
709 1717 972 1753 sensuumque
1002 1706 1278 1754 similitudine,
1315 1717 1401 1742 eam
1437 1705 1516 1742 vim
1544 1700 1695 1742 'habuit

273 1765 318 1797 ut
348 1761 509 1797 dubium
539 1765 645 1797 esset
673 1766 771 1797 uter·
789 1766 918 1797 utrum
946 1763 1074 1809 magis
1093 1761 1275 1807 cepisset.
1305 1762 1406 1798 Nam
1428 1764 1467 1796 et
1495 1762 1537 1797 in'
1567 1764 1691 1798 Hem-

275 1817 474 1853 sterhusio
517 1817 636 1853 multa
675 1821 784 1852 erant
822 1827 921 1862 quae
963 1817 1138 1853 homines
1169 1816 1285 1852 etiam
1314 1816 1493 1853 indoctos
1524 1817 1570 1852 ad
1603 1827 1692 1854 eum

276 1872 572 1918 suspiciendum
602 1876 898 1909 converterent:
931 1883 1080 1909 summa
1109 1873 1150 1909 in
1190 1872 1346 1919 habitu,
1384 1873 1518 1920 vultu,
1557 1876 1693 1921 gestu,

209 1930 260 1966 21
278 1932 406 1975 motu,
437 1939 525 1964 cum
556 1928 738 1964 comitate
767 1929 965 1976 gravitas:
1005 1928 1208 1975 prudentis
1249 1929 1458 1975 orationis,
1498 1931 1693 1974 tamquam

277 1985 503 2030 meditatae,
550 1985 724 2020 sedatum
767 1985 956 2030 quoddam
997 1986 1152 2020 flumen.
1222 1986 1305 2028 Quo
1344 1984 1489 2020 maiore
1518 1985 1692 2020 admira-

277 2041 382 2076 tione
412 2040 687 2076 Ruhnkenium
719 2040 913 2075 adfectum
945 2040 1072 2075 fuisse
1102 2051 1172 2086 par
1203 2044 1275 2086 est,
1309 2040 1374 2086 qui
1404 2040 1453 2075 ad
1483 2040 1588 2076 hunc
1618 2039 1694 2076 viri

277 2096 504 2142 adspectum
536 2096 739 2132 maximam
769 2095 818 2131 de
849 2095 935 2131 eius
966 2095 1143 2131 doctrina
1173 2096 1500 2132 existimationem
1530 2096 1692 2132 attulis-

277 2155 349 2187 set.
409 2153 537 2197 Saepe
568 2152 662 2187 mihi
693 2151 889 2197 narravit,
921 2161 987 2198 se,
1017 2151 1110 2187 licet
1140 2150 1284 2186 absens
1314 2152 1362 2187 de
1393 2151 1692 2188 Hemsterhusio

277 2217 428 2243 summa
457 2207 585 2242 omnia
621 2205 801 2252 opinione
830 2206 1118 2253 praecepisset,
1156 2210 1402 2253 praesentem
1433 2207 1561 2243 omnia
1585 2208 1692 2246 ube-

277 2263 383 2299 riora
412 2263 678 2309 amplioraque
708 2262 1036 2309 deprehendisse3
1068 2265 1129 2311 ut,
1158 2273 1274 2309 quum
1304 2263 1446 2299 absens
1477 2262 1693 2299 admirabi-

279 2391 320 2431 *J
353 2393 604 2433 Uffenbachio,
646 2395 689 2427 ad
721 2396 821 2427 cuins
855 2396 1071 2428 moderanda
1116 2395 1252 2435 studia,
1284 2402 1352 2437 quo
1392 2398 1550 2435 tempore
1581 2395 1695 2427 adhuc

325 2439 576 2478 Wittebergae
601 2439 771 2480 degebat,
805 2442 939 2473 electus
963 2442 1213 2479 Ruhnkenius,
1246 2450 1323 2473 cum
1355 2441 1479 2473 eodem
1511 2441 1693 2480 aliquanto

329 2487 420 2523 post,
451 2485 678 2523 perlustratis
709 2486 937 2517 nobilissimis
972 2487 1185 2517 Germaniae
1211 2489 1245 2518 et
1269 2487 1384 2526 Belgii
1410 2485 1632 2526 regionibus,
1655 2485 1694 2514 in

327 2528 416 2560 lianc
440 2529 667 2561 Academiam
694 2530 831 2561 delatus
856 2538 928 2562 est:
955 2539 1000 2562 ex
1023 2539 1090 2571 quo
1115 2538 1202 2562 vero
1227 2532 1289 2561 iile
1311 2533 1425 2561 morte
1457 2530 1572 2569 patris
1603 2536 1694 2560 con·

327 2573 490 2604 turbatus
514 2576 548 2604 in
575 2576 722 2614 patriam
746 2577 966 2616 remigravit,
989 2577 1065 2616 ipse
1089 2576 1274 2606 literarum
1300 2575 1542 2605 humaniorum
1567 2573 1693 2604 dulce-

326 2617 427 2657 dine,
459 2621 495 2648 et
524 2622 776 2656 praestantium
817 2623 1067 2661 magistrorum
1098 2620 1261 2650 doctriua
1293 2624 1436 2658 captuS,
1466 2620 1503 2649 in
1536 2619 1692 2658 Batavia,

326 2670 414 2694 vera
437 2664 550 2693 omnis
572 2665 798 2696 humanitatis
822 2668 973 2705 nutrice,
997 2671 1218 2704 permanere,
1242 2664 1361 2704 ibique
1384 2664 1560 2695 fortunam
1579 2671 1694 2702 suam,

326 2708 359 2737 si
381 2707 460 2738 fieri
485 2713 618 2747 posset,
641 2709 802 2741 stabilire
825 2712 1020 2742 constituit.
1067 2709 1301 2741 BERGMAN.

282 2771 350 2812 *³¹5
367 2774 508 2816 vei-iuss,
532 2782 623 2817 eum,
646 2779 703 2816 qui
728 2779 850 2818 postea
867 2777 1047 2817 syndicus
1064 2776 1396 2809 Rotterodamensis
1419 2775 1497 2807 fuit.
1521 2773 1692 2807 BERGM.
