<?xml version="1.0" encoding="UTF-8"?>
<!DOCTYPE html PUBLIC "-//W3C//DTD XHTML 1.0 Transitional//EN"
    "http://www.w3.org/TR/xhtml1/DTD/xhtml1-transitional.dtd">
<html xmlns="http://www.w3.org/1999/xhtml" xml:lang="en" lang="en">
 <head>
  <title>
</title>
<meta http-equiv="Content-Type" content="text/html;charset=utf-8" />
  <meta name='ocr-system' content='tesseract 3.04.00' />
  <meta name='ocr-capabilities' content='ocr_page ocr_carea ocr_par ocr_line ocrx_word'/>
</head>
<body>
  <div class='ocr_page' id='page_1' title='image "./vitadavidisruhnk00wyttuoft_0133.png"; bbox 0 0 1816 3233; ppageno 0'>
   <div class='ocr_carea' id='block_1_1' title="bbox 651 191 953 231">
    <p class='ocr_par' dir='ltr' id='par_1_1' title="bbox 651 191 953 231">
     <span class='ocr_line' id='line_1_1' title="bbox 651 191 953 231; baseline 0 -1"><span class='ocrx_word' id='word_1_1' title='bbox 651 191 953 231; x_wconf 74' lang='lat'>—125-</span> 
     </span>
    </p>
   </div>
   <div class='ocr_carea' id='block_1_2' title="bbox 60 304 1605 2304">
    <p class='ocr_par' dir='ltr' id='par_1_2' title="bbox 60 304 1605 2304">
     <span class='ocr_line' id='line_1_2' title="bbox 93 304 1508 355; baseline -0.001 -11"><span class='ocrx_word' id='word_1_2' title='bbox 93 307 282 344; x_wconf 80' lang='lat' dir='ltr'>iacturam</span> <span class='ocrx_word' id='word_1_3' title='bbox 311 314 565 351; x_wconf 80' lang='lat' dir='ltr'>compensare</span> <span class='ocrx_word' id='word_1_4' title='bbox 594 314 847 355; x_wconf 86' lang='lat' dir='ltr'>aggressum,</span> <span class='ocrx_word' id='word_1_5' title='bbox 884 304 1098 351; x_wconf 87' lang='lat' dir='ltr'>Meidanio‚</span> <span class='ocrx_word' id='word_1_6' title='bbox 1140 306 1271 342; x_wconf 80' lang='lat' dir='ltr'><strong>Arabe</strong></span> <span class='ocrx_word' id='word_1_7' title='bbox 1301 305 1508 352; x_wconf 76' lang='lat' dir='ltr'>scriptore,</span> 
     </span>
     <span class='ocr_line' id='line_1_3' title="bbox 96 360 1506 409; baseline -0.001 -10"><span class='ocrx_word' id='word_1_8' title='bbox 96 373 207 409; x_wconf 89' lang='lat' dir='ltr'>quem</span> <span class='ocrx_word' id='word_1_9' title='bbox 238 361 380 397; x_wconf 88' lang='lat' dir='ltr'>dudum</span> <span class='ocrx_word' id='word_1_10' title='bbox 411 361 458 396; x_wconf 89' lang='lat' dir='ltr'>ad</span> <span class='ocrx_word' id='word_1_11' title='bbox 489 361 695 397; x_wconf 83' lang='lat' dir='ltr'>editionem</span> <span class='ocrx_word' id='word_1_12' title='bbox 725 360 978 407; x_wconf 83' lang='lat' dir='ltr'>instruxerat,</span> <span class='ocrx_word' id='word_1_13' title='bbox 1020 360 1183 406; x_wconf 88' lang='lat' dir='ltr'>edendo,</span> <span class='ocrx_word' id='word_1_14' title='bbox 1220 363 1297 398; x_wconf 88' lang='lat' dir='ltr'>iam</span> <span class='ocrx_word' id='word_1_15' title='bbox 1328 363 1506 408; x_wconf 88' lang='lat' dir='ltr'>complu-</span> 
     </span>
     <span class='ocr_line' id='line_1_4' title="bbox 72 417 1507 467; baseline -0.001 -12"><span class='ocrx_word' id='word_1_16' title='bbox 72 464 74 467; x_wconf 9' lang='lat'>,</span> <span class='ocrx_word' id='word_1_17' title='bbox 95 419 205 455; x_wconf 87' lang='lat' dir='ltr'>ribus</span> <span class='ocrx_word' id='word_1_18' title='bbox 235 417 407 465; x_wconf 88' lang='lat' dir='ltr'>plagulis</span> <span class='ocrx_word' id='word_1_19' title='bbox 425 417 597 463; x_wconf 86' lang='lat' dir='ltr'>excusis,</span> <span class='ocrx_word' id='word_1_20' title='bbox 629 425 729 452; x_wconf 84' lang='lat' dir='ltr'>mors</span> <span class='ocrx_word' id='word_1_21' title='bbox 747 426 832 452; x_wconf 90' lang='lat' dir='ltr'>eum</span> <span class='ocrx_word' id='word_1_22' title='bbox 864 419 1029 464; x_wconf 87' lang='lat' dir='ltr'>occupat</span> <span class='ocrx_word' id='word_1_23' title='bbox 1047 418 1348 466; x_wconf 85' lang='lat' dir='ltr'>quadragesimo</span> <span class='ocrx_word' id='word_1_24' title='bbox 1370 422 1507 464; x_wconf 85' lang='lat' dir='ltr'>quarto</span> 
     </span>
     <span class='ocr_line' id='line_1_5' title="bbox 60 473 1441 519; baseline 0 -9"><span class='ocrx_word' id='word_1_25' title='bbox 60 473 65 482; x_wconf 71' lang='lat'>²</span> <span class='ocrx_word' id='word_1_26' title='bbox 96 474 237 510; x_wconf 86' lang='lat' dir='ltr'>aetatis</span> <span class='ocrx_word' id='word_1_27' title='bbox 266 483 380 510; x_wconf 86' lang='lat' dir='ltr'>anno.</span> <span class='ocrx_word' id='word_1_28' title='bbox 1436 517 1441 519; x_wconf 24' lang='grc' dir='ltr'><strong><em>Δ</em></strong></span> 
     </span>
     <span class='ocr_line' id='line_1_6' title="bbox 207 527 1505 576; baseline 0 -11"><span class='ocrx_word' id='word_1_29' title='bbox 207 528 511 566; x_wconf 81' lang='lat' dir='ltr'>Nieuwlandius</span> <span class='ocrx_word' id='word_1_30' title='bbox 540 527 633 563; x_wconf 89' lang='lat' dir='ltr'>item</span> <span class='ocrx_word' id='word_1_31' title='bbox 665 527 803 564; x_wconf 87' lang='lat' dir='ltr'>unicus</span> <span class='ocrx_word' id='word_1_32' title='bbox 837 531 1034 574; x_wconf 81' lang='lat' dir='ltr'>parentum</span> <span class='ocrx_word' id='word_1_33' title='bbox 1067 532 1149 565; x_wconf 87' lang='lat' dir='ltr'>erat</span> <span class='ocrx_word' id='word_1_34' title='bbox 1180 533 1306 576; x_wconf 78' lang='lat' dir='ltr'>natus,</span> <span class='ocrx_word' id='word_1_35' title='bbox 1335 529 1403 566; x_wconf 88' lang='lat' dir='ltr'>sed</span> <span class='ocrx_word' id='word_1_36' title='bbox 1431 529 1505 565; x_wconf 87' lang='lat' dir='ltr'>ob-</span> 
     </span>
     <span class='ocr_line' id='line_1_7' title="bbox 96 583 1506 633; baseline -0.001 -12"><span class='ocrx_word' id='word_1_37' title='bbox 96 595 212 622; x_wconf 85' lang='lat' dir='ltr'>scuro</span> <span class='ocrx_word' id='word_1_38' title='bbox 241 595 401 633; x_wconf 83' lang='lat' dir='ltr'>genere,</span> <span class='ocrx_word' id='word_1_39' title='bbox 431 586 600 631; x_wconf 86' lang='lat' dir='ltr'>angusta</span> <span class='ocrx_word' id='word_1_40' title='bbox 630 583 758 630; x_wconf 88' lang='lat' dir='ltr'>in-re,</span> <span class='ocrx_word' id='word_1_41' title='bbox 789 588 899 630; x_wconf 81' lang='lat' dir='ltr'>patre</span> <span class='ocrx_word' id='word_1_42' title='bbox 929 586 1040 621; x_wconf 85' lang='lat' dir='ltr'>fabro</span> <span class='ocrx_word' id='word_1_43' title='bbox 1072 586 1241 633; x_wconf 84' lang='lat' dir='ltr'>tignario</span> <span class='ocrx_word' id='word_1_44' title='bbox 1271 587 1311 622; x_wconf 92' lang='lat' dir='ltr'>in</span> <span class='ocrx_word' id='word_1_45' title='bbox 1341 587 1506 622; x_wconf 88' lang='lat' dir='ltr'>Amste-</span> 
     </span>
     <span class='ocr_line' id='line_1_8' title="bbox 95 639 1505 688; baseline -0.002 -10"><span class='ocrx_word' id='word_1_46' title='bbox 95 641 312 678; x_wconf 89' lang='lat' dir='ltr'>lodamensi</span> <span class='ocrx_word' id='word_1_47' title='bbox 340 650 449 688; x_wconf 84' lang='lat' dir='ltr'>agro,</span> <span class='ocrx_word' id='word_1_48' title='bbox 482 639 635 675; x_wconf 86' lang='lat' dir='ltr'>homine</span> <span class='ocrx_word' id='word_1_49' title='bbox 664 640 805 686; x_wconf 89' lang='lat' dir='ltr'>probo;</span> <span class='ocrx_word' id='word_1_50' title='bbox 837 641 1024 686; x_wconf 88' lang='lat' dir='ltr'>puerulus</span> <span class='ocrx_word' id='word_1_51' title='bbox 1054 651 1101 677; x_wconf 86' lang='lat' dir='ltr'>ac</span> <span class='ocrx_word' id='word_1_52' title='bbox 1130 652 1253 686; x_wconf 88' lang='lat' dir='ltr'>paene</span> <span class='ocrx_word' id='word_1_53' title='bbox 1282 642 1434 685; x_wconf 82' lang='lat' dir='ltr'>infans,</span> <span class='ocrx_word' id='word_1_54' title='bbox 1466 641 1505 676; x_wconf 91' lang='lat' dir='ltr'>in</span> 
     </span>
     <span class='ocr_line' id='line_1_9' title="bbox 96 695 1505 744; baseline -0.001 -11"><span class='ocrx_word' id='word_1_55' title='bbox 96 698 281 743; x_wconf 83' lang='lat' dir='ltr'>quosdam</span> <span class='ocrx_word' id='word_1_56' title='bbox 320 696 444 742; x_wconf 89' lang='lat' dir='ltr'>patris</span> <span class='ocrx_word' id='word_1_57' title='bbox 482 696 602 731; x_wconf 88' lang='lat' dir='ltr'>libros</span> <span class='ocrx_word' id='word_1_58' title='bbox 641 695 844 744; x_wconf 87' lang='lat' dir='ltr'>incidens,</span> <span class='ocrx_word' id='word_1_59' title='bbox 895 696 987 732; x_wconf 87' lang='lat' dir='ltr'>mira</span> <span class='ocrx_word' id='word_1_60' title='bbox 1028 697 1240 742; x_wconf 87' lang='lat' dir='ltr'>cupiditate</span> <span class='ocrx_word' id='word_1_61' title='bbox 1278 708 1346 733; x_wconf 87' lang='lat' dir='ltr'>eos</span> <span class='ocrx_word' id='word_1_62' title='bbox 1386 697 1505 744; x_wconf 86' lang='lat' dir='ltr'>legit:</span> 
     </span>
     <span class='ocr_line' id='line_1_10' title="bbox 95 752 1508 800; baseline -0.001 -11"><span class='ocrx_word' id='word_1_63' title='bbox 95 753 200 800; x_wconf 89' lang='lat' dir='ltr'>inde,</span> <span class='ocrx_word' id='word_1_64' title='bbox 231 753 343 799; x_wconf 84' lang='lat' dir='ltr'>quasi</span> <span class='ocrx_word' id='word_1_65' title='bbox 372 762 442 798; x_wconf 88' lang='lat' dir='ltr'>per</span> <span class='ocrx_word' id='word_1_66' title='bbox 471 752 624 800; x_wconf 88' lang='lat' dir='ltr'>lusum,</span> <span class='ocrx_word' id='word_1_67' title='bbox 656 752 765 788; x_wconf 89' lang='lat' dir='ltr'>solus</span> <span class='ocrx_word' id='word_1_68' title='bbox 796 762 866 788; x_wconf 89' lang='lat' dir='ltr'>suo</span> <span class='ocrx_word' id='word_1_69' title='bbox 896 753 982 798; x_wconf 84' lang='lat' dir='ltr'>ipse</span> <span class='ocrx_word' id='word_1_70' title='bbox 1011 753 1171 799; x_wconf 79' lang='lat' dir='ltr'>ingenio</span> <span class='ocrx_word' id='word_1_71' title='bbox 1202 753 1337 789; x_wconf 81' lang='lat' dir='ltr'>didicit</span> <span class='ocrx_word' id='word_1_72' title='bbox 1368 753 1508 788; x_wconf 89' lang='lat' dir='ltr'>Histo—</span> 
     </span>
     <span class='ocr_line' id='line_1_11' title="bbox 94 808 1508 855; baseline -0.002 -10"><span class='ocrx_word' id='word_1_73' title='bbox 94 809 192 845; x_wconf 83' lang='lat' dir='ltr'>riam</span> <span class='ocrx_word' id='word_1_74' title='bbox 223 808 475 854; x_wconf 84' lang='lat' dir='ltr'>Universam,</span> <span class='ocrx_word' id='word_1_75' title='bbox 505 808 788 853; x_wconf 64' lang='lat' dir='ltr'>neomeniam,</span> <span class='ocrx_word' id='word_1_76' title='bbox 821 819 960 844; x_wconf 89' lang='lat' dir='ltr'>versus</span> <span class='ocrx_word' id='word_1_77' title='bbox 991 820 1142 855; x_wconf 88' lang='lat' dir='ltr'>quoque</span> <span class='ocrx_word' id='word_1_78' title='bbox 1171 810 1336 846; x_wconf 83' lang='lat' dir='ltr'>fundere</span> <span class='ocrx_word' id='word_1_79' title='bbox 1366 809 1508 855; x_wconf 86' lang='lat' dir='ltr'>Belgi-</span> 
     </span>
     <span class='ocr_line' id='line_1_12' title="bbox 97 863 1507 910; baseline -0.001 -9"><span class='ocrx_word' id='word_1_80' title='bbox 97 875 165 901; x_wconf 86' lang='lat' dir='ltr'>cos</span> <span class='ocrx_word' id='word_1_81' title='bbox 194 864 414 910; x_wconf 79' lang='lat' dir='ltr'>probabiles</span> <span class='ocrx_word' id='word_1_82' title='bbox 445 873 602 898; x_wconf 91' lang='lat' dir='ltr'>numero</span> <span class='ocrx_word' id='word_1_83' title='bbox 641 866 681 898; x_wconf 88' lang='lat' dir='ltr'>et</span> <span class='ocrx_word' id='word_1_84' title='bbox 710 863 902 900; x_wconf 82' lang='lat' dir='ltr'>acumine.</span> <span class='ocrx_word' id='word_1_85' title='bbox 964 865 1085 901; x_wconf 90' lang='lat' dir='ltr'>Cuius</span> <span class='ocrx_word' id='word_1_86' title='bbox 1118 866 1175 901; x_wconf 87' lang='lat' dir='ltr'>rei</span> <span class='ocrx_word' id='word_1_87' title='bbox 1215 867 1317 901; x_wconf 84' lang='lat' dir='ltr'>fama</span> <span class='ocrx_word' id='word_1_88' title='bbox 1347 865 1507 900; x_wconf 83' lang='lat' dir='ltr'>excitati</span> 
     </span>
     <span class='ocr_line' id='line_1_13' title="bbox 98 918 1506 968; baseline -0.001 -12"><span class='ocrx_word' id='word_1_89' title='bbox 98 930 184 956; x_wconf 87' lang='grc'><strong>611111</strong></span> <span class='ocrx_word' id='word_1_90' title='bbox 215 921 441 963; x_wconf 87' lang='lat' dir='ltr'>frequentes</span> <span class='ocrx_word' id='word_1_91' title='bbox 474 928 522 954; x_wconf 87' lang='lat' dir='ltr'>ex</span> <span class='ocrx_word' id='word_1_92' title='bbox 551 919 649 954; x_wconf 86' lang='lat' dir='ltr'>urbe</span> <span class='ocrx_word' id='word_1_93' title='bbox 677 918 853 954; x_wconf 89' lang='lat' dir='ltr'>homines</span> <span class='ocrx_word' id='word_1_94' title='bbox 883 920 1062 956; x_wconf 90' lang='lat' dir='ltr'>venirent</span> <span class='ocrx_word' id='word_1_95' title='bbox 1089 921 1135 955; x_wconf 88' lang='lat' dir='ltr'>ad</span> <span class='ocrx_word' id='word_1_96' title='bbox 1168 932 1274 968; x_wconf 89' lang='lat' dir='ltr'>eum,</span> <span class='ocrx_word' id='word_1_97' title='bbox 1314 925 1506 966; x_wconf 87' lang='lat' dir='ltr'>tamquam</span> 
     </span>
     <span class='ocr_line' id='line_1_14' title="bbox 96 974 1506 1027; baseline -0.002 -15"><span class='ocrx_word' id='word_1_98' title='bbox 96 975 349 1021; x_wconf 80' lang='lat' dir='ltr'>miraculum,</span> <span class='ocrx_word' id='word_1_99' title='bbox 389 974 666 1027; x_wconf 78' lang='lat' dir='ltr'>spectandum3</span> <span class='ocrx_word' id='word_1_100' title='bbox 707 974 834 1022; x_wconf 83' lang='lat' dir='ltr'>magis</span> <span class='ocrx_word' id='word_1_101' title='bbox 865 975 979 1010; x_wconf 87' lang='lat' dir='ltr'>etiam</span> <span class='ocrx_word' id='word_1_102' title='bbox 1011 977 1238 1012; x_wconf 86' lang='lat' dir='ltr'>admirabile</span> <span class='ocrx_word' id='word_1_103' title='bbox 1268 977 1365 1021; x_wconf 87' lang='lat' dir='ltr'>fuit,</span> <span class='ocrx_word' id='word_1_104' title='bbox 1409 976 1506 1021; x_wconf 87' lang='lat' dir='ltr'>quod</span> 
     </span>
     <span class='ocr_line' id='line_1_15' title="bbox 96 1030 1509 1080; baseline -0.002 -12"><span class='ocrx_word' id='word_1_105' title='bbox 96 1042 216 1078; x_wconf 89' lang='lat' dir='ltr'>puer,</span> <span class='ocrx_word' id='word_1_106' title='bbox 256 1040 444 1076; x_wconf 83' lang='lat' dir='ltr'>praesens</span> <span class='ocrx_word' id='word_1_107' title='bbox 475 1041 496 1064; x_wconf 96' lang='grc'>11</span> <span class='ocrx_word' id='word_1_108' title='bbox 526 1030 798 1075; x_wconf 86' lang='lat' dir='ltr'>praesentibus</span> <span class='ocrx_word' id='word_1_109' title='bbox 837 1031 973 1080; x_wconf 85' lang='lat' dir='ltr'>mirum</span> <span class='ocrx_word' id='word_1_110' title='bbox 1011 1032 1051 1067; x_wconf 89' lang='grc'>111</span> <span class='ocrx_word' id='word_1_111' title='bbox 1081 1032 1233 1067; x_wconf 90' lang='lat' dir='ltr'>modum</span> <span class='ocrx_word' id='word_1_112' title='bbox 1274 1032 1509 1077; x_wconf 81' lang='lat' dir='ltr'>celebratus,</span> 
     </span>
     <span class='ocr_line' id='line_1_16' title="bbox 98 1085 1506 1133; baseline -0.001 -9"><span class='ocrx_word' id='word_1_113' title='bbox 98 1087 193 1124; x_wconf 88' lang='lat' dir='ltr'>nihil</span> <span class='ocrx_word' id='word_1_114' title='bbox 231 1086 323 1122; x_wconf 88' lang='lat' dir='ltr'>inde</span> <span class='ocrx_word' id='word_1_115' title='bbox 361 1085 548 1121; x_wconf 85' lang='lat' dir='ltr'>vanitatis</span> <span class='ocrx_word' id='word_1_116' title='bbox 585 1086 832 1131; x_wconf 86' lang='lat' dir='ltr'>conciperet3</span> <span class='ocrx_word' id='word_1_117' title='bbox 878 1090 921 1122; x_wconf 95' lang='grc'>111</span> <span class='ocrx_word' id='word_1_118' title='bbox 958 1098 1007 1122; x_wconf 89' lang='grc'>116</span> <span class='ocrx_word' id='word_1_119' title='bbox 1047 1088 1316 1133; x_wconf 87' lang='lat' dir='ltr'>suspicaretur</span> <span class='ocrx_word' id='word_1_120' title='bbox 1356 1088 1506 1133; x_wconf 87' lang='lat' dir='ltr'>quidem</span> 
     </span>
     <span class='ocr_line' id='line_1_17' title="bbox 99 1140 1508 1190; baseline -0.001 -11"><span class='ocrx_word' id='word_1_121' title='bbox 99 1153 190 1179; x_wconf 90' lang='lat' dir='ltr'>esse</span> <span class='ocrx_word' id='word_1_122' title='bbox 227 1143 267 1178; x_wconf 92' lang='lat' dir='ltr'>in</span> <span class='ocrx_word' id='word_1_123' title='bbox 297 1151 341 1177; x_wconf 88' lang='lat' dir='ltr'>se</span> <span class='ocrx_word' id='word_1_124' title='bbox 378 1141 524 1186; x_wconf 86' lang='lat' dir='ltr'>aliquid</span> <span class='ocrx_word' id='word_1_125' title='bbox 554 1145 707 1186; x_wconf 88' lang='lat' dir='ltr'>praeter</span> <span class='ocrx_word' id='word_1_126' title='bbox 737 1141 835 1177; x_wconf 88' lang='lat' dir='ltr'>alios</span> <span class='ocrx_word' id='word_1_127' title='bbox 875 1143 1050 1179; x_wconf 88' lang='lat' dir='ltr'>homines</span> <span class='ocrx_word' id='word_1_128' title='bbox 1092 1144 1352 1189; x_wconf 86' lang='lat' dir='ltr'>praecipuum.</span> <span class='ocrx_word' id='word_1_129' title='bbox 1375 1140 1415 1190; x_wconf 82' lang='lat'>*)</span> <span class='ocrx_word' id='word_1_130' title='bbox 1474 1144 1508 1179; x_wconf 80' lang='grc' dir='ltr'>Ε</span> 
     </span>
     <span class='ocr_line' id='line_1_18' title="bbox 96 1196 1508 1244; baseline 0 -11"><span class='ocrx_word' id='word_1_131' title='bbox 96 1196 261 1244; x_wconf 82' lang='lat' dir='ltr'>paterna</span> <span class='ocrx_word' id='word_1_132' title='bbox 290 1197 401 1232; x_wconf 89' lang='lat' dir='ltr'>domo</span> <span class='ocrx_word' id='word_1_133' title='bbox 432 1197 636 1232; x_wconf 87' lang='lat' dir='ltr'>traductus</span> <span class='ocrx_word' id='word_1_134' title='bbox 675 1197 713 1232; x_wconf 92' lang='lat' dir='ltr'>in</span> <span class='ocrx_word' id='word_1_135' title='bbox 748 1198 931 1233; x_wconf 83' lang='lat' dir='ltr'>familiam</span> <span class='ocrx_word' id='word_1_136' title='bbox 971 1203 1010 1234; x_wconf 89' lang='lat' dir='ltr'>et</span> <span class='ocrx_word' id='word_1_137' title='bbox 1040 1199 1152 1244; x_wconf 87' lang='lat' dir='ltr'>quasi</span> <span class='ocrx_word' id='word_1_138' title='bbox 1182 1200 1340 1235; x_wconf 85' lang='lat' dir='ltr'>tutelam</span> <span class='ocrx_word' id='word_1_139' title='bbox 1371 1199 1508 1235; x_wconf 91' lang='lat' dir='ltr'>erudi-</span> 
     </span>
     <span class='ocr_line' id='line_1_19' title="bbox 97 1252 1508 1299; baseline -0.001 -10"><span class='ocrx_word' id='word_1_140' title='bbox 97 1252 240 1289; x_wconf 86' lang='lat' dir='ltr'>tissimi</span> <span class='ocrx_word' id='word_1_141' title='bbox 280 1252 585 1297; x_wconf 88' lang='lat' dir='ltr'>amicissimique</span> <span class='ocrx_word' id='word_1_142' title='bbox 627 1253 750 1287; x_wconf 85' lang='lat' dir='ltr'>nostri</span> <span class='ocrx_word' id='word_1_143' title='bbox 788 1252 1016 1298; x_wconf 84' lang='lat' dir='ltr'>Hieronymi</span> <span class='ocrx_word' id='word_1_144' title='bbox 1058 1255 1239 1299; x_wconf 91' lang='lat' dir='ltr'>Boschii,</span> <span class='ocrx_word' id='word_1_145' title='bbox 1286 1256 1334 1290; x_wconf 87' lang='lat' dir='ltr'>ab</span> <span class='ocrx_word' id='word_1_146' title='bbox 1375 1255 1508 1290; x_wconf 87' lang='lat' dir='ltr'>eodem</span> 
     </span>
     <span class='ocr_line' id='line_1_20' title="bbox 95 1308 1509 1356; baseline -0.001 -11"><span class='ocrx_word' id='word_1_147' title='bbox 95 1309 315 1346; x_wconf 85' lang='lat' dir='ltr'>Literarum</span> <span class='ocrx_word' id='word_1_148' title='bbox 345 1308 570 1344; x_wconf 84' lang='lat' dir='ltr'>Latinarum</span> <span class='ocrx_word' id='word_1_149' title='bbox 603 1309 916 1353; x_wconf 82' lang='lat' dir='ltr'>Graecarumque</span> <span class='ocrx_word' id='word_1_150' title='bbox 956 1310 1182 1356; x_wconf 78' lang='lat' dir='ltr'>cognitione</span> <span class='ocrx_word' id='word_1_151' title='bbox 1217 1310 1388 1346; x_wconf 81' lang='lat' dir='ltr'>imbutus</span> <span class='ocrx_word' id='word_1_152' title='bbox 1427 1314 1509 1345; x_wconf 88' lang='lat' dir='ltr'>est:</span> 
     </span>
     <span class='ocr_line' id='line_1_21' title="bbox 71 1363 1509 1411; baseline 0 -10"><span class='ocrx_word' id='word_1_153' title='bbox 71 1388 79 1391; x_wconf 84' lang='lat'><em>-</em></span> <span class='ocrx_word' id='word_1_154' title='bbox 97 1365 193 1401; x_wconf 88' lang='lat' dir='ltr'>meis</span> <span class='ocrx_word' id='word_1_155' title='bbox 212 1364 326 1400; x_wconf 82' lang='lat' dir='ltr'>etiam</span> <span class='ocrx_word' id='word_1_156' title='bbox 353 1363 665 1400; x_wconf 89' lang='lat' dir='ltr'>institutionibus</span> <span class='ocrx_word' id='word_1_157' title='bbox 686 1363 732 1398; x_wconf 86' lang='lat' dir='ltr'>ad</span> <span class='ocrx_word' id='word_1_158' title='bbox 765 1373 847 1399; x_wconf 83' lang='lat' dir='ltr'>eam</span> <span class='ocrx_word' id='word_1_159' title='bbox 870 1365 1096 1401; x_wconf 85' lang='lat' dir='ltr'>facultatem</span> <span class='ocrx_word' id='word_1_160' title='bbox 1116 1366 1298 1411; x_wconf 85' lang='lat' dir='ltr'>profecit,</span> <span class='ocrx_word' id='word_1_161' title='bbox 1328 1369 1370 1401; x_wconf 92' lang='lat' dir='ltr'>ut</span> <span class='ocrx_word' id='word_1_162' title='bbox 1391 1376 1509 1411; x_wconf 85' lang='lat' dir='ltr'>prae—</span> 
     </span>
     <span class='ocr_line' id='line_1_22' title="bbox 97 1418 1510 1469; baseline -0.001 -12"><span class='ocrx_word' id='word_1_163' title='bbox 97 1421 244 1457; x_wconf 90' lang='lat' dir='ltr'>clarum</span> <span class='ocrx_word' id='word_1_164' title='bbox 276 1419 474 1465; x_wconf 80' lang='lat' dir='ltr'>specimen</span> <span class='ocrx_word' id='word_1_165' title='bbox 504 1419 612 1465; x_wconf 89' lang='lat' dir='ltr'>eius,</span> <span class='ocrx_word' id='word_1_166' title='bbox 642 1420 943 1465; x_wconf 87' lang='lat' dir='ltr'>disputationem</span> <span class='ocrx_word' id='word_1_167' title='bbox 971 1421 1020 1456; x_wconf 92' lang='lat' dir='ltr'>de</span> <span class='ocrx_word' id='word_1_168' title='bbox 1051 1418 1334 1469; x_wconf 83' lang='lat' dir='ltr'>Musonio,**)</span> <span class='ocrx_word' id='word_1_169' title='bbox 1366 1422 1510 1458; x_wconf 89' lang='lat' dir='ltr'>ederet.</span> 
     </span>
     <span class='ocr_line' id='line_1_23' title="bbox 96 1475 1605 1523; baseline -0.001 -10"><span class='ocrx_word' id='word_1_170' title='bbox 96 1477 184 1513; x_wconf 90' lang='lat' dir='ltr'>Nec</span> <span class='ocrx_word' id='word_1_171' title='bbox 205 1475 364 1522; x_wconf 87' lang='lat' dir='ltr'>longius</span> <span class='ocrx_word' id='word_1_172' title='bbox 392 1475 433 1510; x_wconf 93' lang='lat' dir='ltr'>in</span> <span class='ocrx_word' id='word_1_173' title='bbox 464 1475 524 1510; x_wconf 85' lang='lat' dir='ltr'>his</span> <span class='ocrx_word' id='word_1_174' title='bbox 545 1475 688 1511; x_wconf 86' lang='lat' dir='ltr'>Literis</span> <span class='ocrx_word' id='word_1_175' title='bbox 717 1485 954 1523; x_wconf 88' lang='lat' dir='ltr'>progressus</span> <span class='ocrx_word' id='word_1_176' title='bbox 975 1480 1048 1513; x_wconf 88' lang='lat' dir='ltr'>est.</span> <span class='ocrx_word' id='word_1_177' title='bbox 1109 1477 1173 1513; x_wconf 88' lang='lat' dir='ltr'>Ad</span> <span class='ocrx_word' id='word_1_178' title='bbox 1204 1480 1306 1513; x_wconf 85' lang='lat' dir='ltr'>totos</span> <span class='ocrx_word' id='word_1_179' title='bbox 1327 1477 1605 1513; x_wconf 77' lang='lat' dir='ltr'>continua210</span> 
     </span>
     <span class='ocr_line' id='line_1_24' title="bbox 96 1531 1508 1581; baseline 0.001 -14"><span class='ocrx_word' id='word_1_180' title='bbox 96 1531 266 1568; x_wconf 87' lang='lat' dir='ltr'>lectione</span> <span class='ocrx_word' id='word_1_181' title='bbox 308 1534 347 1566; x_wconf 90' lang='lat' dir='ltr'>et</span> <span class='ocrx_word' id='word_1_182' title='bbox 382 1531 635 1578; x_wconf 83' lang='lat' dir='ltr'>grammatica</span> <span class='ocrx_word' id='word_1_183' title='bbox 664 1532 815 1567; x_wconf 85' lang='lat' dir='ltr'>ratione</span> <span class='ocrx_word' id='word_1_184' title='bbox 843 1533 1065 1568; x_wconf 85' lang='lat' dir='ltr'>tractandos</span> <span class='ocrx_word' id='word_1_185' title='bbox 1095 1533 1342 1581; x_wconf 78' lang='lat' dir='ltr'>Scriptores,</span> <span class='ocrx_word' id='word_1_186' title='bbox 1374 1534 1508 1570; x_wconf 86' lang='lat' dir='ltr'>deerat</span> 
     </span>
     <span class='ocr_line' id='line_1_25' title="bbox 95 1586 1507 1635; baseline 0.001 -12"><span class='ocrx_word' id='word_1_187' title='bbox 95 1588 240 1623; x_wconf 84' lang='lat' dir='ltr'>laboris</span> <span class='ocrx_word' id='word_1_188' title='bbox 270 1586 462 1632; x_wconf 87' lang='lat' dir='ltr'>patientia</span> <span class='ocrx_word' id='word_1_189' title='bbox 491 1590 530 1622; x_wconf 91' lang='lat' dir='ltr'>et</span> <span class='ocrx_word' id='word_1_190' title='bbox 559 1589 791 1623; x_wconf 82' lang='lat' dir='ltr'>constantia.</span> <span class='ocrx_word' id='word_1_191' title='bbox 848 1589 1005 1624; x_wconf 88' lang='lat' dir='ltr'>Homeri</span> <span class='ocrx_word' id='word_1_192' title='bbox 1036 1589 1197 1624; x_wconf 89' lang='lat' dir='ltr'>dimidio</span> <span class='ocrx_word' id='word_1_193' title='bbox 1225 1590 1349 1635; x_wconf 88' lang='lat' dir='ltr'>lecto,</span> <span class='ocrx_word' id='word_1_194' title='bbox 1381 1589 1507 1625; x_wconf 87' lang='lat' dir='ltr'>desti-</span> 
     </span>
     <span class='ocr_line' id='line_1_26' title="bbox 97 1642 1509 1690; baseline 0 -11"><span class='ocrx_word' id='word_1_195' title='bbox 97 1644 165 1679; x_wconf 91' lang='lat' dir='ltr'>tit:</span> <span class='ocrx_word' id='word_1_196' title='bbox 214 1643 405 1688; x_wconf 88' lang='lat' dir='ltr'>reliquum</span> <span class='ocrx_word' id='word_1_197' title='bbox 443 1642 614 1678; x_wconf 82' lang='lat' dir='ltr'>diversis</span> <span class='ocrx_word' id='word_1_198' title='bbox 653 1643 890 1688; x_wconf 84' lang='lat' dir='ltr'>temporibus</span> <span class='ocrx_word' id='word_1_199' title='bbox 928 1646 1066 1689; x_wconf 83' lang='lat' dir='ltr'>raptim</span> <span class='ocrx_word' id='word_1_200' title='bbox 1103 1646 1370 1690; x_wconf 80' lang='lat' dir='ltr'>percucurrit3</span> <span class='ocrx_word' id='word_1_201' title='bbox 1418 1646 1509 1681; x_wconf 88' lang='lat' dir='ltr'>licet</span> 
     </span>
     <span class='ocr_line' id='line_1_27' title="bbox 98 1699 1512 1747; baseline 0.001 -12"><span class='ocrx_word' id='word_1_202' title='bbox 98 1700 270 1736; x_wconf 82' lang='lat' dir='ltr'>Gra-eoos</span> <span class='ocrx_word' id='word_1_203' title='bbox 300 1707 586 1745; x_wconf 87' lang='lat' dir='ltr'>quoscumque,</span> <span class='ocrx_word' id='word_1_204' title='bbox 626 1699 802 1743; x_wconf 81' lang='lat' dir='ltr'>quamvis</span> <span class='ocrx_word' id='word_1_205' title='bbox 832 1700 961 1735; x_wconf 89' lang='lat' dir='ltr'>subito</span> <span class='ocrx_word' id='word_1_206' title='bbox 991 1700 1228 1746; x_wconf 88' lang='lat' dir='ltr'>inspiciens,</span> <span class='ocrx_word' id='word_1_207' title='bbox 1259 1702 1512 1747; x_wconf 87' lang='lat' dir='ltr'>probabiliter</span> 
     </span>
     <span class='ocr_line' id='line_1_28' title="bbox 100 1753 1511 1802; baseline 0 -11"><span class='ocrx_word' id='word_1_208' title='bbox 100 1755 356 1802; x_wconf 83' lang='lat' dir='ltr'>intelligeret.</span> <span class='ocrx_word' id='word_1_209' title='bbox 416 1754 460 1789; x_wconf 87' lang='lat' dir='ltr'>ln</span> <span class='ocrx_word' id='word_1_210' title='bbox 489 1754 666 1801; x_wconf 84' lang='lat' dir='ltr'>Belgicis</span> <span class='ocrx_word' id='word_1_211' title='bbox 699 1755 956 1800; x_wconf 86' lang='lat' dir='ltr'>carminibus,</span> <span class='ocrx_word' id='word_1_212' title='bbox 988 1767 1086 1801; x_wconf 89' lang='lat' dir='ltr'>quae</span> <span class='ocrx_word' id='word_1_213' title='bbox 1118 1753 1252 1792; x_wconf 90' lang='lat' dir='ltr'>brevia</span> <span class='ocrx_word' id='word_1_214' title='bbox 1281 1767 1356 1792; x_wconf 91' lang='lat' dir='ltr'>nec</span> <span class='ocrx_word' id='word_1_215' title='bbox 1384 1767 1511 1802; x_wconf 85' lang='lat' dir='ltr'>pauca</span> 
     </span>
     <span class='ocr_line' id='line_1_29' title="bbox 98 1808 1510 1858; baseline 0.001 -12"><span class='ocrx_word' id='word_1_216' title='bbox 98 1809 336 1856; x_wconf 85' lang='lat' dir='ltr'>composuit,</span> <span class='ocrx_word' id='word_1_217' title='bbox 376 1808 444 1844; x_wconf 86' lang='lat' dir='ltr'>vix</span> <span class='ocrx_word' id='word_1_218' title='bbox 473 1809 590 1844; x_wconf 88' lang='lat' dir='ltr'>ullam</span> <span class='ocrx_word' id='word_1_219' title='bbox 620 1810 711 1852; x_wconf 79' lang='lat' dir='ltr'>boni</span> <span class='ocrx_word' id='word_1_220' title='bbox 751 1813 887 1855; x_wconf 86' lang='lat' dir='ltr'>poetae</span> <span class='ocrx_word' id='word_1_221' title='bbox 917 1811 1044 1847; x_wconf 88' lang='lat' dir='ltr'>dotem</span> <span class='ocrx_word' id='word_1_222' title='bbox 1083 1812 1306 1858; x_wconf 82' lang='lat' dir='ltr'>desideres,</span> <span class='ocrx_word' id='word_1_223' title='bbox 1345 1813 1510 1857; x_wconf 87' lang='lat' dir='ltr'>ratione,</span> 
     </span>
     <span class='ocr_line' id='line_1_30' title="bbox 99 1864 1512 1916; baseline 0 -14"><span class='ocrx_word' id='word_1_224' title='bbox 99 1866 293 1911; x_wconf 88' lang='lat' dir='ltr'>oratione,</span> <span class='ocrx_word' id='word_1_225' title='bbox 324 1864 559 1900; x_wconf 89' lang='lat' dir='ltr'>luminibus:</span> <span class='ocrx_word' id='word_1_226' title='bbox 589 1875 662 1901; x_wconf 89' lang='lat' dir='ltr'>nec</span> <span class='ocrx_word' id='word_1_227' title='bbox 692 1866 850 1901; x_wconf 86' lang='lat' dir='ltr'>maioris</span> <span class='ocrx_word' id='word_1_228' title='bbox 883 1867 965 1903; x_wconf 86' lang='lat' dir='ltr'>fere</span> <span class='ocrx_word' id='word_1_229' title='bbox 995 1867 1033 1902; x_wconf 87' lang='lat' dir='ltr'>ei</span> <span class='ocrx_word' id='word_1_230' title='bbox 1063 1870 1148 1903; x_wconf 85' lang='lat' dir='ltr'>erat</span> <span class='ocrx_word' id='word_1_231' title='bbox 1176 1868 1322 1903; x_wconf 89' lang='lat' dir='ltr'>laboris</span> <span class='ocrx_word' id='word_1_232' title='bbox 1351 1868 1512 1916; x_wconf 83' lang='lat' dir='ltr'>ligatae,</span> 
     </span>
     <span class='ocr_line' id='line_1_31' title="bbox 98 1921 1509 1968; baseline 0.001 -11"><span class='ocrx_word' id='word_1_233' title='bbox 98 1931 211 1968; x_wconf 88' lang='lat' dir='ltr'>quam</span> <span class='ocrx_word' id='word_1_234' title='bbox 240 1921 416 1967; x_wconf 88' lang='lat' dir='ltr'>solutae,</span> <span class='ocrx_word' id='word_1_235' title='bbox 448 1921 636 1956; x_wconf 87' lang='lat' dir='ltr'>orationis</span> <span class='ocrx_word' id='word_1_236' title='bbox 667 1921 838 1965; x_wconf 87' lang='lat' dir='ltr'>scriptio.</span> <span class='ocrx_word' id='word_1_237' title='bbox 897 1923 1048 1958; x_wconf 83' lang='lat' dir='ltr'>Natura</span> <span class='ocrx_word' id='word_1_238' title='bbox 1078 1924 1164 1967; x_wconf 86' lang='lat' dir='ltr'>ipse</span> <span class='ocrx_word' id='word_1_239' title='bbox 1193 1933 1265 1958; x_wconf 85' lang='lat' dir='ltr'>sua</span> <span class='ocrx_word' id='word_1_240' title='bbox 1296 1926 1335 1958; x_wconf 90' lang='grc'>61</span> <span class='ocrx_word' id='word_1_241' title='bbox 1366 1925 1509 1960; x_wconf 88' lang='lat' dir='ltr'>volun-</span> 
     </span>
     <span class='ocr_line' id='line_1_32' title="bbox 96 1975 1511 2021; baseline 0.001 -8"><span class='ocrx_word' id='word_1_242' title='bbox 96 1980 177 2014; x_wconf 86' lang='lat' dir='ltr'>tate</span> <span class='ocrx_word' id='word_1_243' title='bbox 207 1977 255 2012; x_wconf 82' lang='lat' dir='ltr'>ad</span> <span class='ocrx_word' id='word_1_244' title='bbox 285 1975 587 2012; x_wconf 84' lang='lat' dir='ltr'>Mathematicas</span> <span class='ocrx_word' id='word_1_245' title='bbox 617 1976 847 2021; x_wconf 87' lang='lat' dir='ltr'>disciplinas</span> <span class='ocrx_word' id='word_1_246' title='bbox 878 1978 1099 2014; x_wconf 86' lang='lat' dir='ltr'>ferebatur:</span> <span class='ocrx_word' id='word_1_247' title='bbox 1139 1979 1179 2013; x_wconf 92' lang='lat' dir='ltr'>in</span> <span class='ocrx_word' id='word_1_248' title='bbox 1210 1978 1272 2013; x_wconf 90' lang='lat' dir='ltr'>his</span> <span class='ocrx_word' id='word_1_249' title='bbox 1302 1978 1408 2014; x_wconf 80' lang='lat' dir='ltr'>vitae</span> <span class='ocrx_word' id='word_1_250' title='bbox 1446 1983 1511 2014; x_wconf 85' lang='lat' dir='ltr'>ta-</span> 
     </span>
     <span class='ocr_line' id='line_1_33' title="bbox 96 2027 1512 2079; baseline 0.001 -10"><span class='ocrx_word' id='word_1_251' title='bbox 96 2032 309 2070; x_wconf 88' lang='lat' dir='ltr'>bernacula</span> <span class='ocrx_word' id='word_1_252' title='bbox 347 2041 491 2076; x_wconf 91' lang='lat' dir='ltr'>ponere</span> <span class='ocrx_word' id='word_1_253' title='bbox 512 2027 591 2078; x_wconf 83' lang='lat'><strong>***)</strong></span> <span class='ocrx_word' id='word_1_254' title='bbox 633 2032 882 2069; x_wconf 86' lang='lat' dir='ltr'>decreverat:</span> <span class='ocrx_word' id='word_1_255' title='bbox 928 2036 988 2079; x_wconf 87' lang='lat' dir='ltr'>et,</span> <span class='ocrx_word' id='word_1_256' title='bbox 1033 2033 1378 2070; x_wconf 86' lang='lat' dir='ltr'>excellentissimis</span> <span class='ocrx_word' id='word_1_257' title='bbox 1414 2045 1512 2070; x_wconf 90' lang='lat' dir='ltr'>usus</span> 
     </span>
     <span class='ocr_line' id='line_1_34' title="bbox 98 2087 1511 2136; baseline 0.003 -14"><span class='ocrx_word' id='word_1_258' title='bbox 98 2088 327 2135; x_wconf 85' lang='lat' dir='ltr'>magistris,</span> <span class='ocrx_word' id='word_1_259' title='bbox 369 2096 501 2122; x_wconf 86' lang='lat' dir='ltr'>omnes</span> <span class='ocrx_word' id='word_1_260' title='bbox 542 2087 727 2123; x_wconf 85' lang='lat' dir='ltr'>discendo</span> <span class='ocrx_word' id='word_1_261' title='bbox 767 2089 1056 2135; x_wconf 82' lang='lat' dir='ltr'>praecucurrit,</span> <span class='ocrx_word' id='word_1_262' title='bbox 1098 2094 1162 2135; x_wconf 86' lang='lat' dir='ltr'>ut,</span> <span class='ocrx_word' id='word_1_263' title='bbox 1204 2090 1302 2135; x_wconf 89' lang='lat' dir='ltr'>quod</span> <span class='ocrx_word' id='word_1_264' title='bbox 1343 2091 1511 2136; x_wconf 86' lang='lat' dir='ltr'>amplius</span> 
     </span>
     <span class='ocr_line' id='line_1_35' title="bbox 98 2143 1512 2191; baseline 0.001 -12"><span class='ocrx_word' id='word_1_265' title='bbox 98 2153 191 2179; x_wconf 92' lang='lat' dir='ltr'>eum·</span> <span class='ocrx_word' id='word_1_266' title='bbox 207 2143 406 2188; x_wconf 88' lang='lat' dir='ltr'>docerent,</span> <span class='ocrx_word' id='word_1_267' title='bbox 436 2153 511 2179; x_wconf 93' lang='lat' dir='ltr'>non</span> <span class='ocrx_word' id='word_1_268' title='bbox 531 2144 770 2189; x_wconf 85' lang='lat' dir='ltr'>reperirent:</span> <span class='ocrx_word' id='word_1_269' title='bbox 803 2145 904 2180; x_wconf 90' lang='lat' dir='ltr'>haud</span> <span class='ocrx_word' id='word_1_270' title='bbox 929 2145 1043 2180; x_wconf 93' lang='lat' dir='ltr'>dubie</span> <span class='ocrx_word' id='word_1_271' title='bbox 1065 2146 1246 2191; x_wconf 89' lang='lat' dir='ltr'>princeps</span> <span class='ocrx_word' id='word_1_272' title='bbox 1268 2146 1385 2181; x_wconf 87' lang='lat' dir='ltr'>huius</span> <span class='ocrx_word' id='word_1_273' title='bbox 1415 2146 1512 2182; x_wconf 83' lang='lat' dir='ltr'>artis</span> 
     </span>
     <span class='ocr_line' id='line_1_36' title="bbox 65 2199 1511 2252; baseline 0.001 -18"><span class='ocrx_word' id='word_1_274' title='bbox 65 2201 271 2252; x_wconf 54' lang='lat' dir='ltr'>J’uturus,</span> <span class='ocrx_word' id='word_1_275' title='bbox 302 2199 337 2234; x_wconf 89' lang='lat' dir='ltr'>si</span> <span class='ocrx_word' id='word_1_276' title='bbox 362 2199 548 2235; x_wconf 89' lang='lat' dir='ltr'>maturior</span> <span class='ocrx_word' id='word_1_277' title='bbox 569 2202 676 2235; x_wconf 89' lang='lat' dir='ltr'>aetas</span> <span class='ocrx_word' id='word_1_278' title='bbox 706 2200 851 2235; x_wconf 84' lang='lat' dir='ltr'>laboris</span> <span class='ocrx_word' id='word_1_279' title='bbox 881 2201 1151 2237; x_wconf 82' lang='lat' dir='ltr'>assiduitatem</span> <span class='ocrx_word' id='word_1_280' title='bbox 1174 2201 1382 2237; x_wconf 86' lang='lat' dir='ltr'>attulisset.</span> <span class='ocrx_word' id='word_1_281' title='bbox 1439 2203 1511 2237; x_wconf 84' lang='lat' dir='ltr'>In-</span> 
     </span>
     <span class='ocr_line' id='line_1_37' title="bbox 97 2255 1511 2304; baseline 0.001 -13"><span class='ocrx_word' id='word_1_282' title='bbox 97 2256 216 2304; x_wconf 86' lang='lat' dir='ltr'>genio</span> <span class='ocrx_word' id='word_1_283' title='bbox 247 2257 364 2290; x_wconf 83' lang='lat' dir='ltr'>natus</span> <span class='ocrx_word' id='word_1_284' title='bbox 393 2255 484 2300; x_wconf 88' lang='lat' dir='ltr'>tali,</span> <span class='ocrx_word' id='word_1_285' title='bbox 524 2256 653 2301; x_wconf 82' lang='lat' dir='ltr'>qualia</span> <span class='ocrx_word' id='word_1_286' title='bbox 683 2256 751 2291; x_wconf 84' lang='lat' dir='ltr'>vix</span> <span class='ocrx_word' id='word_1_287' title='bbox 782 2256 942 2303; x_wconf 85' lang='lat' dir='ltr'>singula</span> <span class='ocrx_word' id='word_1_288' title='bbox 971 2257 1155 2303; x_wconf 85' lang='lat' dir='ltr'>singulae</span> <span class='ocrx_word' id='word_1_289' title='bbox 1185 2258 1318 2292; x_wconf 86' lang='lat' dir='ltr'>ferunt</span> <span class='ocrx_word' id='word_1_290' title='bbox 1345 2260 1511 2302; x_wconf 86' lang='lat' dir='ltr'>aetates,</span> 
     </span>
    </p>
   </div>
   <div class='ocr_carea' id='block_1_3' title="bbox 96 2406 1512 2619">
    <p class='ocr_par' dir='ltr' id='par_1_3' title="bbox 96 2406 1512 2619">
     <span class='ocr_line' id='line_1_38' title="bbox 96 2406 1512 2449; baseline 0.001 -9"><span class='ocrx_word' id='word_1_291' title='bbox 96 2406 127 2446; x_wconf 82' lang='lat'>⁸)</span> <span class='ocrx_word' id='word_1_292' title='bbox 153 2409 294 2440; x_wconf 78' lang='lat' dir='ltr'>Terent.</span> <span class='ocrx_word' id='word_1_293' title='bbox 329 2409 472 2448; x_wconf 82' lang='lat' dir='ltr'>Adelph.</span> <span class='ocrx_word' id='word_1_294' title='bbox 508 2409 556 2448; x_wconf 89' lang='lat' dir='ltr'>ll,</span> <span class='ocrx_word' id='word_1_295' title='bbox 580 2411 622 2448; x_wconf 81' lang='lat'>3,</span> <span class='ocrx_word' id='word_1_296' title='bbox 655 2412 697 2440; x_wconf 85' lang='lat'>5.</span> <span class='ocrx_word' id='word_1_297' title='bbox 746 2409 878 2449; x_wconf 79' lang='lat' dir='ltr'>Itaque</span> <span class='ocrx_word' id='word_1_298' title='bbox 909 2418 1021 2441; x_wconf 77' lang='lat' dir='ltr'>unam</span> <span class='ocrx_word' id='word_1_299' title='bbox 1056 2409 1152 2441; x_wconf 79' lang='lat' dir='ltr'>hanc</span> <span class='ocrx_word' id='word_1_300' title='bbox 1186 2418 1263 2442; x_wconf 84' lang='lat' dir='ltr'>rem</span> <span class='ocrx_word' id='word_1_301' title='bbox 1295 2421 1348 2442; x_wconf 82' lang='lat' dir='ltr'>me</span> <span class='ocrx_word' id='word_1_302' title='bbox 1379 2412 1512 2443; x_wconf 64' lang='lat' dir='ltr'>habere</span> 
     </span>
     <span class='ocr_line' id='line_1_39' title="bbox 142 2453 1510 2495; baseline 0.002 -11"><span class='ocrx_word' id='word_1_303' title='bbox 142 2455 296 2495; x_wconf 76' lang='lat' dir='ltr'>praeter</span> <span class='ocrx_word' id='word_1_304' title='bbox 319 2453 415 2483; x_wconf 73' lang='lat' dir='ltr'>alios</span> <span class='ocrx_word' id='word_1_305' title='bbox 436 2455 680 2494; x_wconf 71' lang='lat' dir='ltr'>praecipuam</span> <span class='ocrx_word' id='word_1_306' title='bbox 707 2454 893 2490; x_wconf 60' lang='lat' dir='ltr'>arbitrum</span> <span class='ocrx_word' id='word_1_307' title='bbox 919 2456 977 2485; x_wconf 87' lang='lat' dir='ltr'>ubi</span> <span class='ocrx_word' id='word_1_308' title='bbox 995 2456 1174 2486; x_wconf 82' lang='lat' dir='ltr'>Bentleius</span> <span class='ocrx_word' id='word_1_309' title='bbox 1189 2458 1358 2495; x_wconf 81' lang='lat' dir='ltr'>scriptum</span> <span class='ocrx_word' id='word_1_310' title='bbox 1377 2458 1510 2488; x_wconf 82' lang='lat' dir='ltr'>voluit:</span> 
     </span>
     <span class='ocr_line' id='line_1_40' title="bbox 143 2498 1512 2538; baseline 0.004 -10"><span class='ocrx_word' id='word_1_311' title='bbox 143 2499 297 2538; x_wconf 76' lang='lat' dir='ltr'>praeter</span> <span class='ocrx_word' id='word_1_312' title='bbox 322 2499 430 2528; x_wconf 75' lang='lat' dir='ltr'>alius.</span> <span class='ocrx_word' id='word_1_313' title='bbox 480 2498 804 2537; x_wconf 64' lang='lat' dir='ltr'>wyttenbachius,</span> <span class='ocrx_word' id='word_1_314' title='bbox 842 2501 899 2537; x_wconf 86' lang='lat' dir='ltr'>qui</span> <span class='ocrx_word' id='word_1_315' title='bbox 923 2502 1000 2530; x_wconf 86' lang='lat' dir='ltr'>sine</span> <span class='ocrx_word' id='word_1_316' title='bbox 1027 2501 1130 2531; x_wconf 84' lang='lat' dir='ltr'>dnbio</span> <span class='ocrx_word' id='word_1_317' title='bbox 1156 2501 1247 2531; x_wconf 88' lang='lat' dir='ltr'>hunc</span> <span class='ocrx_word' id='word_1_318' title='bbox 1272 2501 1432 2533; x_wconf 84' lang='lat' dir='ltr'>Terentii</span> <span class='ocrx_word' id='word_1_319' title='bbox 1455 2503 1512 2533; x_wconf 76' lang='lat' dir='ltr'>lo·-</span> 
     </span>
     <span class='ocr_line' id='line_1_41' title="bbox 143 2543 1508 2580; baseline 0.005 -9"><span class='ocrx_word' id='word_1_320' title='bbox 143 2550 220 2572; x_wconf 86' lang='lat' dir='ltr'>cnm</span> <span class='ocrx_word' id='word_1_321' title='bbox 256 2545 337 2572; x_wconf 85' lang='lat' dir='ltr'>ante</span> <span class='ocrx_word' id='word_1_322' title='bbox 373 2543 495 2572; x_wconf 81' lang='lat' dir='ltr'>oculos</span> <span class='ocrx_word' id='word_1_323' title='bbox 529 2544 697 2579; x_wconf 79' lang='lat' dir='ltr'>habebat,</span> <span class='ocrx_word' id='word_1_324' title='bbox 731 2544 909 2580; x_wconf 81' lang='lat' dir='ltr'>vulgatam</span> <span class='ocrx_word' id='word_1_325' title='bbox 944 2545 1131 2574; x_wconf 79' lang='lat' dir='ltr'>lectionem</span> <span class='ocrx_word' id='word_1_326' title='bbox 1165 2548 1310 2576; x_wconf 87' lang='lat' dir='ltr'>secutus</span> <span class='ocrx_word' id='word_1_327' title='bbox 1341 2550 1405 2578; x_wconf 87' lang='lat' dir='ltr'>est.</span> <span class='ocrx_word' id='word_1_328' title='bbox 1454 2547 1508 2579; x_wconf 83' lang='lat' dir='ltr'>Cf.</span> 
     </span>
     <span class='ocr_line' id='line_1_42' title="bbox 144 2587 1132 2619; baseline 0.003 -3"><span class='ocrx_word' id='word_1_329' title='bbox 144 2587 339 2617; x_wconf 77' lang='lat' dir='ltr'>Bentleiuin</span> <span class='ocrx_word' id='word_1_330' title='bbox 366 2587 407 2617; x_wconf 83' lang='lat' dir='ltr'>ad</span> <span class='ocrx_word' id='word_1_331' title='bbox 433 2589 539 2617; x_wconf 85' lang='lat' dir='ltr'>istum</span> <span class='ocrx_word' id='word_1_332' title='bbox 564 2588 646 2619; x_wconf 85' lang='lat' dir='ltr'>Ter.</span> <span class='ocrx_word' id='word_1_333' title='bbox 671 2589 799 2618; x_wconf 87' lang='lat' dir='ltr'>locum.</span> <span class='ocrx_word' id='word_1_334' title='bbox 850 2588 1132 2619; x_wconf 76' lang='lat' dir='ltr'>LlNDEMANN.</span> 
     </span>
    </p>
   </div>
   <div class='ocr_carea' id='block_1_4' title="bbox 100 2651 608 2689">
    <p class='ocr_par' dir='ltr' id='par_1_4' title="bbox 100 2651 608 2689">
     <span class='ocr_line' id='line_1_43' title="bbox 100 2651 608 2689; baseline 0.004 -8"><span class='ocrx_word' id='word_1_335' title='bbox 100 2651 144 2689; x_wconf 70' lang='lat'>⁰)</span> <span class='ocrx_word' id='word_1_336' title='bbox 169 2653 361 2683; x_wconf 82' lang='lat' dir='ltr'>Amstelod.</span> <span class='ocrx_word' id='word_1_337' title='bbox 389 2652 488 2683; x_wconf 76' lang='lat'>1783.</span> <span class='ocrx_word' id='word_1_338' title='bbox 537 2654 608 2685; x_wconf 76' lang='lat' dir='ltr'>FB.</span> 
     </span>
    </p>
   </div>
   <div class='ocr_carea' id='block_1_5' title="bbox 98 2716 1506 2796">
    <p class='ocr_par' dir='ltr' id='par_1_5' title="bbox 98 2716 1506 2796">
     <span class='ocr_line' id='line_1_44' title="bbox 98 2716 1506 2765; baseline 0.005 -16"><span class='ocrx_word' id='word_1_339' title='bbox 98 2716 156 2754; x_wconf 73' lang='lat'>⁸“)</span> <span class='ocrx_word' id='word_1_340' title='bbox 181 2718 254 2750; x_wconf 84' lang='lat' dir='ltr'>Cic.</span> <span class='ocrx_word' id='word_1_341' title='bbox 280 2718 322 2748; x_wconf 87' lang='lat' dir='ltr'>de</span> <span class='ocrx_word' id='word_1_342' title='bbox 347 2719 445 2750; x_wconf 83' lang='lat' dir='ltr'>Orat.</span> <span class='ocrx_word' id='word_1_343' title='bbox 469 2720 532 2758; x_wconf 84' lang='lat' dir='ltr'>m,</span> <span class='ocrx_word' id='word_1_344' title='bbox 556 2720 611 2757; x_wconf 75' lang='lat'>20,</span> <span class='ocrx_word' id='word_1_345' title='bbox 633 2720 691 2750; x_wconf 80' lang='lat'>77.</span> <span class='ocrx_word' id='word_1_346' title='bbox 723 2722 784 2758; x_wconf 74' lang='lat' dir='ltr'>qui</span> <span class='ocrx_word' id='word_1_347' title='bbox 807 2720 848 2751; x_wconf 80' lang='lat' dir='ltr'>in</span> <span class='ocrx_word' id='word_1_348' title='bbox 870 2729 945 2752; x_wconf 79' lang='lat' dir='ltr'>una</span> <span class='ocrx_word' id='word_1_349' title='bbox 968 2722 1197 2763; x_wconf 76' lang='lat' dir='ltr'>philosophia</span> <span class='ocrx_word' id='word_1_350' title='bbox 1222 2726 1351 2765; x_wconf 81' lang='lat' dir='ltr'>quasi</span> <span class='ocrx_word' id='word_1_351' title='bbox 1376 2725 1506 2756; x_wconf 78' lang='lat' dir='ltr'>taber-</span> 
     </span>
     <span class='ocr_line' id='line_1_45' title="bbox 142 2764 939 2796; baseline 0.005 -4"><span class='ocrx_word' id='word_1_352' title='bbox 142 2764 316 2794; x_wconf 74' lang='lat' dir='ltr'>naculum</span> <span class='ocrx_word' id='word_1_353' title='bbox 341 2764 440 2795; x_wconf 74' lang='lat' dir='ltr'>vitae</span> <span class='ocrx_word' id='word_1_354' title='bbox 462 2772 552 2795; x_wconf 71' lang='lat' dir='ltr'>suae</span> <span class='ocrx_word' id='word_1_355' title='bbox 574 2764 815 2796; x_wconf 66' lang='lat' dir='ltr'>collocarunt.</span> <span class='ocrx_word' id='word_1_356' title='bbox 867 2766 939 2796; x_wconf 82' lang='lat' dir='ltr'>FB.</span> 
     </span>
    </p>
   </div>
  </div>
 </body>
</html>
