1816 3233
878 180 1183 218 —118—

329 301 500 349 „litudoz
538 302 576 334 et
605 307 701 333 sane
730 296 866 331 iisdem
899 295 997 332 locis
1027 289 1209 343 legendis
1249 296 1346 332 alias
1390 298 1504 334 aliter
1534 296 1739 335 afficimur.

328 359 477 404 „Quum
508 356 546 390 in
590 354 706 388 rebus
737 352 786 387 ad
817 352 1054 397 voluptatem
1096 354 1162 387 aut
1192 351 1361 388 dolorem
1391 353 1612 402 insignibus
1645 364 1738 389 ver-

326 421 497 458 ‚‚samur‚
539 414 577 444 et
616 408 716 443 inter
752 408 960 455 legendum
1002 408 1042 442 in
1081 406 1244 442 similem
1284 409 1426 444 nostris
1467 410 1584 445 rebus
1614 409 1739 460 locum

327 466 575 514 ,‚i1widimus‚
606 466 641 500 is
671 464 816 499 dudum
838 464 1013 510 quamvis
1044 473 1132 498 cum
1149 463 1302 510 ingenii
1322 464 1580 500 oblectatione
1598 465 1739 510 lectus,

327 526 481 566 „tamen
521 523 563 555 ut
604 530 728 555 novus
770 530 841 555 nec
881 523 996 555 antea
1037 519 1221 567 cognitus
1260 519 1417 566 accidit,
1458 519 1739 556 incredibiliter

328 587 511 621 „sensum
553 575 743 621 percellit,
783 576 830 610 ab
860 575 1020 623 ingenio
1061 585 1147 610 cum
1188 575 1316 610 animo
1345 575 1661 623 communicatur,
1699 575 1740 611 in

327 642 519 680 „eumque
564 632 640 666 alte
670 631 853 677 defigitur
896 642 942 666 ac
973 631 1125 676 penitus
1156 631 1391 668 insinuatur.
1451 631 1587 666 Veluti
1617 641 1739 676 nuper

327 688 466 735 „locus
497 698 517 723 e
548 687 719 722 secundo
750 687 798 722 de
823 687 1068 722 Divinatione
1089 686 1250 722 mirifice
1280 697 1340 722 me
1369 687 1550 732 advertit,
1580 689 1623 722 ut
1652 696 1738 722 eum

327 744 467 791 „quasi
498 754 611 778 manu
642 742 786 778 iniecta
824 742 916 778 mihi
946 741 1183 777 vindicarem
1224 745 1263 777 et
1292 742 1452 778 vivendi
1481 742 1611 789 legem
1640 752 1739 778 con-

329 800 580 850 „stitueremz
612 809 659 833 en
691 799 810 833 verba
829 797 1056 834 Ciceronis:
1079 795 1118 844 *)
1159 807 1248 833 cum
1280 802 1380 833 esset
1407 800 1448 833 in
1477 799 1598 834 unius
1625 802 1742 844 pote-

328 858 456 905 „scale
484 864 548 890 res
575 854 749 900 publica,
779 862 908 904 neque
928 863 997 898 eyo
1025 863 1087 889 me
1107 854 1252 899 abdidi,
1282 863 1409 900 neque
1428 854 1597 901 deserui,
1617 863 1746 900 neque

328 909 502 957 ‚‚af'flioei,
535 919 662 956 neque
691 910 747 944 ica
773 910 888 956 yessi‚
921 910 1035 955 quasa·
1053 909 1202 944 laomim·
1233 912 1305 944 auc
1323 910 1562 955 temporibus
1590 910 1744 945 iratus.-

327 976 480 1012 „neque
509 967 565 1000 ita
593 974 716 1011 porro
747 969 817 1000 auc
840 965 1044 1012 adulatus,
1076 969 1147 1000 aut
1167 966 1388 1000 admiratus
1415 963 1625 1009 fortunam
1654 974 1745 1001 sum

329 1022 536 1071 „alterius-7
565 1025 607 1056 ut
640 1030 700 1055 me
730 1030 841 1055 meae
865 1022 1110 1066 poeniteret:
1150 1021 1191 1055 id
1231 1022 1335 1055 enim
1364 1023 1494 1065 ipsum
1524 1030 1550 1055 a
1579 1021 1745 1056 Platone

325 1077 685 1124 „philosophiaque
723 1077 956 1123 didiceram,
994 1076 1202 1111 naturales
1240 1085 1324 1110 esse
1352 1076 1547 1121 quasdam
1577 1085 1744 1111 conver-

327 1133 483 1176 „siones
521 1141 657 1166 rerum
695 1133 962 1176 publicarum,
1001 1135 1046 1166 uc
1076 1140 1145 1165 eae
1175 1134 1260 1166 lum
1300 1141 1324 1165 a
1353 1131 1598 1176 principibus
1628 1134 1742 1167 tene-

329 1191 509 1234 ,‚ren!ur‚
541 1192 624 1223 tum
653 1197 679 1222 a
706 1188 879 1235 populis,
911 1187 1127 1232 aliquando
1147 1197 1172 1220 a
1190 1187 1397 1232 sinyulis.“
1457 1189 1508 1222 Et
1528 1196 1621 1222 vero
1643 1188 1745 1223 hanc

329 1244 516 1278 rationem
549 1246 775 1277 constanter
806 1241 930 1278 tenuit
959 1242 1228 1280 Ruhnkenius.

439 1298 516 1333 Sed
548 1302 589 1333 ut
617 1298 798 1333 Ciceroni
828 1298 886 1334 rei
917 1297 1095 1342 publicae
1125 1297 1332 1333 conversio
1363 1296 1570 1343 discipulos
1600 1297 1746 1345 attulit,

327 1354 381 1388 ita
412 1353 646 1390 Rulinkenio
673 1354 845 1390 abstulit.
894 1354 1008 1389 Certe
1038 1354 1084 1389 ab
1106 1353 1173 1389 illo
1196 1356 1366 1398 tempore
1384 1356 1422 1388 et
1443 1354 1602 1389 scholae
1621 1353 1746 1402 illius,

232 1409 313 1445 198
328 1412 366 1444 et
396 1410 461 1454 qui
501 1409 559 1444 eis
600 1409 753 1443 nomina
795 1409 944 1454 darent,
985 1408 1111 1444 minus
1154 1410 1383 1454 frequentes
1423 1410 1596 1446 fuerunt.
1654 1410 1746 1456 Ipse

331 1475 511 1500 caussam
551 1465 745 1500 tribuebat
775 1465 883 1500 civili
923 1464 1034 1500 odio:
1079 1465 1181 1509 quod
1223 1465 1398 1500 studiosa
1435 1465 1620 1500 iuventus
1662 1466 1747 1501 fere
1796 1492 1798 1495 v

334 1521 564 1556 victricibus
598 1522 751 1556 faveret
780 1521 973 1571 partibus7
1007 1524 1044 1554 et
1073 1521 1264 1556 victarum
1287 1521 1452 1565 partium
1474 1520 1586 1556 multi
1617 1525 1747 1567 patres

331 1577 430 1612 tilios
471 1577 532 1611 vel
576 1576 677 1611 domi
718 1577 932 1612 retinerent
971 1576 1033 1610 vel
1075 1577 1149 1612 alio
1190 1576 1404 1612 mitterent:
1445 1576 1624 1622 quodque
1661 1576 1747 1622 ipse

331 1642 438 1667 suam
472 1632 519 1667 tle
551 1642 592 1667 re
625 1632 781 1677 publica
811 1631 1041 1667 sententiam
1074 1643 1148 1668 non
1179 1632 1455 1667 dissimularet.
1513 1634 1748 1677 Quamquam

330 1689 368 1722 in
400 1687 545 1722 scholis
578 1698 782 1733 numquam
803 1688 850 1723 de
874 1690 1083 1733 praesente
1104 1689 1160 1724 rei
1185 1688 1362 1733 publicae
1382 1691 1486 1723 statu
1507 1688 1748 1735 loquebatur,

330 1753 403 1778 nec
433 1744 577 1778 diserte
610 1754 680 1778 nec
710 1744 876 1788 oblique:
912 1744 950 1778 in
971 1753 1045 1788 quo
1077 1744 1186 1780 multi
1218 1744 1292 1779 sibi
1312 1744 1466 1788 placent
1484 1754 1529 1779 ac
1548 1744 1749 1790 sapientes

329 1799 533 1833 videntur:
574 1803 680 1833 recte
711 1802 905 1841 statuens,
945 1798 1098 1833 civilem
1141 1799 1383 1844 prudentiam
1424 1800 1524 1834 ultro
1555 1799 1748 1835 exsistere

328 1865 350 1888 e
383 1857 488 1889 certa
510 1854 768 1898 Antiquitatis
799 1854 1131 1898 interpretatione,
1165 1854 1264 1888 lianc
1286 1864 1400 1889 unam
1422 1854 1565 1889 debere
1591 1854 1745 1890 tradere

328 1910 536 1952 doctorem,
571 1919 643 1944 non
674 1909 906 1944 discentium
939 1908 1087 1944 iudicia
1105 1909 1335 1944 auctoritate
1358 1910 1523 1954 partium
1543 1920 1749 1956 occupare.

332 1967 382 2001 Et.
412 1964 564 2009 quando
595 1965 632 1999 in
665 1965 802 1999 schola
834 1965 909 1999 iam
943 1965 1069 1998 minus
1099 1975 1210 2009 quam
1244 1968 1358 1999 antea
1389 1965 1532 2000 Literis
1563 1966 1748 2015 prodesse

330 2023 491 2065 poterat,
523 2030 567 2055 eo
600 2020 724 2067 magis
755 2029 909 2065 operam
930 2019 1058 2065 dabat,
1088 2023 1131 2054 ut
1160 2030 1291 2056 earum
1317 2020 1588 2056 detrimentum
1613 2031 1748 2057 resar-

330 2077 426 2111 ciret
458 2076 666 2120 prodendis
697 2076 781 2111 suis
811 2075 895 2119 ipse
925 2075 1125 2110 doctrinae
1155 2077 1428 2119 monumentis,
1469 2078 1507 2111 et
1537 2077 1748 2113 amicorum

330 2131 473 2166 studiis
504 2131 696 2167 iuvandis.
757 2130 909 2166 Profuit
942 2133 1019 2165 tum
1051 2131 1452 2178 Schweighaeusero,
1483 2132 1565 2167 viro
1596 2133 1749 2169 doctis-

332 2187 444 2228 simo,
490 2186 746 2231 impertienda
786 2186 1016 2221 collectione
1055 2187 1303 2222 Gronoviana
1351 2188 1398 2222 ad
1441 2188 1661 2232 Polybium:
1706 2192 1748 2224 ut

331 2248 421 2277 ante
451 2242 575 2277 eidem
609 2243 808 2287 profuerat
847 2242 885 2276 in
917 2242 1091 2287 Appiani
1131 2242 1314 2278 editione.
1373 2244 1544 2287 Cumque
1586 2244 1750 2279 neminis

331 2299 560 2341 cuiusquam
593 2308 657 2332 res
689 2302 762 2332 tam
795 2297 840 2331 ad
873 2307 917 2331 se
950 2298 1140 2342 pertinere
1172 2299 1426 2342 existimaret,
1465 2308 1575 2342 quam
1618 2309 1747 2343 meas3

330 2353 369 2387 in
404 2352 535 2396 primis
568 2354 603 2387 ei
634 2354 775 2388 laetum
807 2353 974 2400 accidit,
1016 2353 1114 2398 quod
1146 2353 1359 2390 Academia
1390 2353 1626 2389 Oxoniensis
1652 2355 1748 2390 Plu-

331 2409 506 2443 tarchum
536 2418 660 2443 meum
693 2409 958 2444 excudendum
991 2410 1220 2460 recepisset7
1262 2419 1307 2445 eo
1349 2409 1469 2454 cultu,
1500 2409 1565 2454 qui
1595 2413 1633 2445 et
1663 2421 1749 2447 meo

332 2466 372 2498 et
400 2463 525 2508 ipsius
556 2464 683 2514 studio
714 2464 988 2509 responderet3
1036 2465 1346 2510 quandoquidem
1376 2465 1461 2510 ipse
1491 2465 1585 2500 mihi
1615 2469 1750 2502 auctor

332 2529 548 2564 suasorque
582 2518 723 2555 fuisset
754 2520 951 2556 Plutarchi
992 2521 1144 2564 edendi,
1189 2525 1227 2556 et
1257 2521 1342 2565 ipso
1372 2521 1438 2556 illo
1470 2523 1641 2565 tempore
1671 2521 1749 2556 ad-

335 2575 439 2609 iutor
479 2585 562 2610 cum
596 2576 773 2619 consilio
806 2579 884 2611 tum
916 2576 1201 2643 commodandis
1240 2576 1436 2612 veteribus
1468 2576 1576 2612 libris
1607 2577 1751 2613 biblio.-

336 2630 474 2664 thecae
508 2631 814 2678 Luodunobatav
809 2642 878 2665 ae.

334 2742 365 2789 ἐ)
390 2748 431 2778 ιι.
455 2748 497 2778 de
521 2749 637 2780 Divin.
663 2752 695 2787 2.v
721 2753 751 2781 e.
823 2753 893 2783 ru.
