1816 3233
635 196 942 234 —147—

75 309 197 345 Nemo
229 311 288 344 est
318 307 418 342 adeo
459 308 498 342 in
527 309 672 343 Literis
700 310 864 355 hospes,
905 310 970 354 qui
1008 310 1253 346 doctissimos
1292 312 1484 360 homines,

19 398 22 401 .
76 366 254 402 Iacobum
297 364 530 399 Gronovium
562 368 600 399 et
630 365 838 399 Iohannem
869 366 1129 401 Schraderum
1158 367 1322 414 ignoret,
1381 369 1482 404 Gro-

77 422 190 456 novio
234 421 271 455 in
312 429 489 456 sermone
531 424 569 454 et
606 429 820 467 congressu
853 421 905 455 nil
937 421 1163 470 humanius,
1205 423 1257 458 nil
1288 425 1482 460 affabilius
1502 418 1581 454 247

74 477 202 512 fuisse
234 478 377 512 fertur:
407 478 446 510 at
475 475 589 510 simul
619 476 807 511 calamum
839 477 877 511 in
900 487 1037 513 manus
1064 479 1270 514 sumsisset
1299 480 1347 515 ad
1378 480 1480 515 scri—

75 533 257 579 bendum,
278 532 389 578 quod
410 531 576 577 ¹publice
606 531 754 575 ederet,
785 536 890 567 totus
934 538 1017 568 erat
1062 537 1232 580 mutatus
1263 537 1309 570 ab
1340 546 1386 571 eo
1417 537 1481 581 qui

73 589 184 624 inodo
226 590 366 632 fuerat,
404 587 456 622 nil
497 587 572 621 nisi
612 587 717 622 rixas
748 592 786 622 et
826 589 1097 625 contentiones
1139 592 1331 636 spirabat3
1372 596 1414 628 ut
1444 592 1480 628 ei

71 644 166 680 illud
198 639 426 689 Electrae*)
455 642 504 677 ad
535 642 711 679 Orestem
750 644 982 694 snbstceres,

277 725 328 757 Οἵ
349 736 422 768 μοι,
456 721 651 771 κασίγνητ),
684 721 783 770 ὄμμα
815 723 878 759 σὸν
916 718 1147 771 Ίαράσσεῑαι,

277 777 393 824 Ίάχύς
423 778 461 812 δὲ
490 782 650 824 μετέθου
681 777 830 820 λύσσαν,
864 778 943 828 ἄρτι
974 781 1179 827 σωᾳρονῶν.

73 854 282 891 Schraderi
322 853 426 889 haud
463 854 651 890 dissimile
691 855 767 890 fuit
797 856 1007 902 negotium.
1063 858 1108 892 In
1147 857 1371 902 quotidiana
1404 863 1482 893 vita

75 915 113 946 et
143 910 346 955 colloquiis
384 913 490 944 tanta
530 913 613 945 erat
643 910 856 962 modestia,
896 922 995 956 quae
1036 914 1120 948 t‘ere
1159 914 1208 947 ad
1240 914 1482 949 timiditatem

72 966 263 1002 accedere
294 965 511 1002 videretur:
542 965 581 1000 in
616 966 935 1002 Emendationum
968 967 1065 1003 libro
1096 970 1289 1013 superbus
1321 970 1480 1005 vitiliti-

71 1027 186 1070 gator
217 1021 384 1067 exstitit,
415 1022 481 1066 qui
510 1022 762 1057 maximorum
795 1023 985 1068 virorum,
1024 1026 1121 1069 quod
1154 1024 1219 1069 ait,
1251 1035 1403 1060 errores
1433 1026 1481 1060 de

70 1079 310 1122 syllabarum
339 1077 449 1112 modo
480 1077 704 1124 colligeret,
748 1082 785 1112 et
827 1080 864 1114 in
906 1080 1097 1125 triumpho
1138 1080 1324 1126 duceret;
1364 1085 1404 1116 ut
1443 1083 1478 1116 ei

68 1135 159 1169 item
190 1133 398 1180 'frag-icum
430 1133 521 1178 quid
551 1134 787 1174 occinamus,

285 1210 418 1252 ’Όλοιω
452 1207 597 1257 θνητῶν
626 1212 778 1260 ἐκλέγων
810 1207 869 1254 τὰς
901 1214 1101 1262 συμφοράς.
1136 1211 1194 1259 **)

69 1288 328 1325 Ruhnkenius
366 1297 591 1333 magnorum
633 1288 804 1324 virorum
845 1300 998 1324 errores
1051 1300 1124 1325 non
1165 1291 1322 1326 silentio
1360 1302 1477 1336 prae-

70 1343 279 1380 tereundos
318 1344 524 1391 censebat,
565 1343 633 1379 sed
676 1354 721 1379 eo
762 1345 887 1392 magis
925 1346 1201 1393 corrigendOS,
1241 1356 1316 1391 quo
1353 1349 1479 1395 magis

64 1399 244 1445 exemplo
294 1403 332 1435 et
382 1399 614 1435 auctoritate
661 1405 866 1436 nocerent:
917 1406 1070 1447 reperto
1121 1412 1273 1448 errore,
1323 1402 1479 1439 dolebat

66 1466 207 1504 magno
238 1455 323 1490 viro
353 1455 510 1490 humani
550 1455 640 1501 quid
672 1457 885 1491 accidisse.-
927 1457 1146 1493 humaniter
1180 1458 1274 1493 item
1311 1459 1478 1495 leniter-

69 1522 144 1558 que
175 1512 375 1548 monebat:
408 1521 482 1546 non
512 1511 725 1558 gaudebat,
757 1523 889 1558 neque,
903 1514 1138 1559 exsultabat,
1172 1514 1293 1549 veluti
1314 1515 1475 1551 laureo-

68 1569 145 1604 lam
163 1568 203 1603 in
224 1571 424 1603 mustaceo
448 1578 652 1613 quaerens
666 1564 746 1615 ***)
762 1568 941 1616 Omnino,
963 1580 1056 1605 vere
1077 1570 1296 1605 sentiebat:
1316 1575 1358 1606 ut
1378 1582 1474 1606 sen-

66 1625 202 1669 tiebat,
231 1623 286 1658 ita
315 1623 566 1668 loquebatur:
599 1628 639 1659 ut
670 1624 910 1669 loquebatur,
942 1626 996 1660 ita
1025 1626 1233 1664 scribebat.

176 1680 317 1724 Neque
355 1689 447 1714 vero
488 1679 589 1714 lenis
630 1680 809 1715 lentusve
856 1682 893 1715 in
935 1681 1087 1728 agendo
1138 1681 1572 1728 progrediebaturz2-18

66 1735 136 1771 sed
165 1735 234 1771 illa
263 1734 443 1770 veritatis
472 1734 706 1779 impulsione
737 1740 775 1770 et
807 1736 1055 1772 vehementer
1082 1738 1326 1772 excitabatur
1344 1739 1390 1772 ad
1422 1739 1473 1781 id,

60 1791 163 1838 quod
201 1794 349 1826 rectum
381 1790 679 1835 faciendumque
717 1791 951 1836 iudicasset,
989 1793 1289 1838 capessendum:
1331 1794 1369 1828 in
1402 1804 1474 1829 eo·-

64 1857 139 1894 que
178 1846 427 1892 exsequendo
474 1847 797 1882 ferebatur‚cum
844 1847 1013 1894 impetu,
1062 1848 1186 1883 donee
1234 1849 1473 1894 propositum

65 1903 324 1950 perfecisset3
364 1900 740 1951 cnaei-ephontisffl
780 1904 973 1938 Socratici
1013 1903 1175 1949 similis,
1214 1906 1374 1954 σφοδρὸς
1415 1905 1471 1953 ἐφ’

66 1960 85 1997 ὅ
116 1976 148 1996 τι
178 1959 362 2009 ὁρμήσειε,
395 1957 605 1992 vehemens
635 1959 673 1992 in
705 1959 984 2003 persequendo,
1016 1960 1116 2003 quod
1147 1962 1304 2003 peteret.
1365 1960 1473 2001 Qua-

66 2016 116 2051 lis
156 2016 196 2051 in
232 2015 432 2050 literarum
463 2014 625 2057 studiis,
664 2014 753 2048 talis
796 2014 834 2048 in
874 2015 1083 2049 amicorum
1116 2015 1305 2061 negotiis:
1337 2016 1470 2051 horum

67 2071 277 2108 commodis
317 2069 522 2104 consulere
560 2069 883 2104 iucundissimum
915 2070 1082 2105 laborem
1113 2071 1321 2118 censebat,
1358 2082 1471 2117 quem

22 2157 24 2160 ,
67 2137 186 2173 saepe
217 2126 338 2171 ultro,
371 2135 442 2160 nec
472 2129 653 2172 rogatuS,
687 2126 927 2171 susciperet:
965 2130 1147 2174 rogatus,
1186 2127 1220 2161 si
1257 2128 1471 2173 gratificari

67 2193 143 2219 non
182 2185 338 2228 posset,
378 2180 540 2216 candide
583 2181 801 2216 fatebatur:
840 2182 874 2215 si
913 2186 1066 2230 posset,
1107 2192 1261 2227 operam
1292 2193 1400 2217 suam
1432 2187 1469 2218 et

62 2344 95 2384 ⁶)
119 2347 276 2385 Euripid.
303 2345 419 2376 Orest.
449 2345 526 2376 253.
554 2346 684 2376 Eodem
711 2345 805 2376 dicto
831 2348 864 2375 in
888 2347 995 2376 simili
1020 2353 1148 2377 caussa
1167 2353 1251 2376 usus
1276 2351 1330 2378 est
1350 2345 1467 2387 Chry-

107 2393 226 2430 sippus
251 2391 338 2429 apud
364 2390 467 2429 Diog.
494 2389 609 2421 haert-
635 2390 712 2428 vn,
738 2390 814 2420 182.

60 2454 107 2494 ”j
133 2459 256 2488 Exstat
281 2456 371 2495 apud
397 2455 619 2488 Plutarchum
643 2456 729 2496 Opp.
755 2457 880 2487 Mor-al.
907 2466 937 2495 p.
961 2455 1040 2486 520.
1068 2457 1103 2486 B.
1121 2457 1199 2487 855.
1218 2458 1255 2487 D.
1280 2459 1468 2489 uncianum

107 2503 145 2533 Τ.
172 2502 214 2532 11.
240 2511 271 2540 p.
297 2502 373 2530 335.
422 2501 572 2531 Videtur
603 2501 788 2540 Sophoclis
827 2509 909 2532 esse
942 2503 1140 2542 sententia,
1164 2510 1269 2542 qnam
1293 2504 1469 2541 significat

104 2547 282 2586 Diogenes
307 2545 427 2576 Lae‘rt.
453 2546 529 2585 vu,
554 2547 586 2576 ’7.
613 2549 710 2576 cuius
735 2547 889 2576 obseura
923 2546 1031 2577 dictio
1064 2546 1127 2577 liae
1160 2547 1464 2580 animadversione

104 2592 216 2622 lucem
241 2592 379 2630 accipit.

7 2648 17 2663 “
57 2655 118 2694 w)
141 2657 381 2688 Proverbialis
404 2657 493 2688 haec
515 2659 668 2697 loquutio
694 2657 822 2696 legitur
845 2656 934 2695 apud
958 2656 1031 2687 Cic.
1057 2658 1097 2688 ad
1124 2660 1197 2690 Att.
1219 2658 1261 2695 V,
1286 2658 1342 2695 20,
1364 2659 1396 2689 4.
1424 2660 1465 2690 de

108 2709 174 2741 eo,
199 2703 257 2741 qni
279 2701 418 2733 laudem
443 2705 578 2741 quaerit
602 2710 646 2732 ex
671 2709 710 2732 re
735 2701 864 2732 frivola
888 2707 921 2732 et
947 2704 1082 2742 exigna.
1110 2703 1181 2733 FB.

62 2764 108 2809 †]
132 2769 230 2808 Apud
253 2769 432 2800 Platonem
460 2771 494 2799 in
522 2769 696 2809 Apologia
719 2769 874 2798 Socratis
899 2778 930 2807 p.
957 2768 1035 2799 360.
1060 2768 1097 2800 C.

1119 2823 1192 2859 10*
