1816 3233
662 173 964 210 —151—

106 286 245 333 reliqui
276 287 450 322 haberet.
512 285 677 322 Maritus
720 289 758 321 et
801 289 912 331 pater
951 286 1196 322 desiderabat
1237 285 1401 331 priorem
1444 297 1513 321 co-

106 345 228 390 piam:
258 342 374 388 idque
406 343 528 388 primo
568 342 695 377 celare
732 351 800 387 per
830 341 1133 388 indulgentiam,
1166 342 1308 377 deinde
1339 342 1512 390 diligen-

105 401 158 435 tia
189 398 403 447 corrigere,
434 402 485 446 et,
527 398 625 443 quod
667 398 820 444 desset,
859 397 1096 442 parcimonia
1136 398 1338 444 supplere,
1376 398 1513 433 stude-

106 457 180 490 bat.
245 457 401 490 Interea
420 454 585 499 oduplex
624 454 724 498 apud
767 457 944 503 exteros,
985 463 1108 498 eaque
1162 454 1226 489 diu
1275 458 1513 499 exspectata,

106 510 341 555 haereditas,
375 512 663 556 procuratorum
696 510 757 544 vel
789 509 1030 556 negligentia
1062 510 1122 544 vel
1157 510 1315 554 fraude,
1346 510 1510 545 interci-

104 567 174 602 dit.
235 568 506 602 Accesserunt
536 568 573 600 et
603 565 681 599 alia
710 565 873 600 subinde
903 565 961 599 rei
992 566 1195 600 familiaris
1226 566 1374 600 damna.
1406 567 1512 609 Quae
1530 566 1609 601 251}

102 623 188 668 ipse
219 622 471 668 detrimenta,
503 630 659 655 suarum
691 621 843 668 magis,
887 631 998 665 quam
1042 622 1128 663 sui,
1161 632 1301 656 caussa
1340 622 1511 666 dolebat3

103 687 310 722 earumque
340 677 510 712 dolorem
551 679 589 711 et
619 677 750 712 verbis
797 681 835 711 et
875 677 1118 712 munusculis
1169 678 1358 721 leniebat,
1402 688 1511 713 suum

101 734 186 779 ipse
216 733 376 780 genium
409 732 661 771 defraudans,
678 729 716 778 *)
775 733 1010 778 Supervenit
1045 734 1158 767 etiam
1200 734 1334 768 uxoris
1366 736 1403 767 et
1433 735 1511 768 mi-

102 790 209 825 noris
239 789 344 824 filiae
374 789 531 824 clades:
574 799 686 833 quam
726 788 794 823 ille
833 789 981 824 cladem
1020 793 1059 824 ut
1092 792 1129 823 et
1160 789 1332 824 dolenter
1363 792 1401 823 et
1433 791 1510 824 sor-

103 844 193 881 titer
216 845 362 890 tulerit,
382 855 467 881 eum
490 855 608 890 supra
639 840 894 890 diximus‚*“)
925 848 1002 880 tum
1031 849 1159 879 notum
1192 848 1251 879 est
1282 845 1320 879 iu
1352 845 1510 892 vulgus.

99 901 172 943 llla
203 901 402 936 calamitas
432 900 732 946 parcimoniam,
773 903 813 934 ut
842 900 969 947 magis
1002 900 1275 945 necessariam,
1307 900 1361 935 ita
1386 900 1512 936 minus

100 957 300 992 efficacem
332 956 527 992 reddebat.
587 956 701 990 Pater
731 955 929 990 infelicem
960 957 1093 990 uxoris
1135 955 1369 1000 minorisque
1409 955 1510 990 filiae

102 1014 246 1048 sortem
277 1012 574 1059 commiserans,
608 1014 646 1046 et
678 1011 833 1046 maioris
863 1011 1121 1058 integraeque
1152 1012 1256 1046 filiae
1297 1021 1394 1058 erga
1423 1011 1511 1046 illas

101 1072 139 1102 et
167 1068 294 1113 ipsum
325 1068 493 1113 pietate,
533 1061 641 1111 cura‘,
672 1066 954 1113 diligentiaque
985 1067 1222 1108 delectatus,
1263 1067 1412 1102 mollior
1452 1068 1510 1102 sa-

99 1124 287 1169 ciliorque
327 1127 410 1159 erat
450 1123 496 1158 ad
536 1123 823 1167 obsequendum
866 1127 1114 1168 utrarumque
1153 1122 1421 1158 voluntatibus
1466 1133 1511 1156 ac

104 1179 323 1215 desideriis.
383 1181 510 1226 Ergo,
550 1179 584 1213 si
623 1179 846 1223 quaerimus
887 1179 1014 1224 qualis
1056 1179 1175 1214 t'uerit
1214 1178 1508 1224 patet-smuilias‚

101 1239 268 1280 utraque
283 1235 399 1270 huius
420 1234 542 1270 officii
559 1244 650 1279 pars
672 1244 847 1269 seorsum
862 1231 939 1280 ***)
961 1238 1021 1269 est
1042 1234 1265 1279 spectanda.
1296 1235 1394 1269 Nam
1416 1244 1510 1280 erga

102 1301 260 1326 uxorem
310 1290 490 1336 filiasque
536 1300 610 1325 non
650 1290 776 1324 miuus
816 1290 1048 1338 prudenter,
1099 1300 1210 1334 quam
1258 1289 1510 1335 indulgenter

101 1349 352 1392 amanterque
380 1356 424 1381 se
453 1346 601 1394 gessit:
632 1346 671 1380 in
702 1345 765 1381 his
796 1346 925 1391 etiam,
956 1356 1024 1390 pro
1048 1346 1252 1390 utriusque
1283 1350 1412 1390 captu,
1442 1345 1507 1379 in-

101 1403 323 1449 stituendis,
356 1402 594 1447 erudiendis,
624 1401 851 1448 formandis,
883 1412 968 1436 cum
999 1401 1222 1448 diligenter,
1254 1405 1330 1436 tum
1362 1401 1509 1435 libera—

101 1459 210 1505 liter3
253 1462 296 1494 ut
336 1468 408 1494 nec
447 1468 607 1503 operae,
650 1467 721 1493 uec
763 1458 930 1503 sumtui,
961 1457 1046 1492 sive
1075 1458 1121 1492 ad
1154 1457 1313 1503 cultum,
1344 1456 1430 1491 sive
1460 1456 1506 1490 ad

101 1515 315 1551 mercedem
356 1514 661 1551 adhibendorum
702 1513 999 1563 magistrorum,
1040 1510 1230 1558 parceret.
1296 1512 1350 1547 At
1388 1513 1426 1547 in
1467 1522 1507 1546 re

99 1571 430 1616 facultatibusque
470 1570 624 1606 tuendis
662 1572 699 1604 et
744 1569 961 1618 augendis,
993 1579 1108 1615 quum
1140 1579 1215 1604 non
1246 1571 1380 1614 posset
1409 1567 1507 1612 quod

99 1627 237 1674 vellet,
277 1627 372 1662 fecit
411 1626 511 1671 quod
549 1625 686 1671 potuit.
753 1625 854 1660 Nam
893 1625 938 1659 ad
984 1625 1229 1660 necessarios
1260 1622 1370 1668 illos,
1412 1633 1509 1668 quos

99 1683 210 1718 modo
241 1682 433 1728 diximus,
472 1687 645 1727 sumtus,
691 1680 927 1716 accedebant
958 1680 1278 1725 extraordinarii,
1305 1689 1402 1725 quos
1434 1679 1508 1714 ho—

99 1741 211 1774 neste
240 1737 364 1774 omitti
396 1747 470 1774 non
500 1747 617 1783 posse
657 1737 856 1774 censebat.
917 1737 1092 1773 Habebat
1132 1746 1242 1771 usum
1282 1736 1508 1780 copiamque

98 1794 361 1831 bibliothecae
391 1793 590 1839 publicae,
631 1795 674 1827 ut
709 1796 747 1827 et
775 1793 1006 1839 Professor,
1046 1795 1085 1827 et
1122 1792 1230 1826 illius
1270 1791 1356 1836 ipse
1388 1800 1506 1835 prae-

97 1852 245 1886 fectus:
286 1859 416 1901 neque
453 1859 560 1884 suam
598 1848 675 1883 sibi
696 1848 903 1893 -privatam
942 1847 1044 1882 domi
1074 1847 1346 1883 bibliothecam
1379 1846 1505 1881 minus
1524 1848 1603 1884 255

97 1904 327 1951 locupletem
377 1905 601 1940 necessaria
654 1903 836 1938 librorum
885 1903 1131 1947 supellectile
1186 1913 1276 1937 esse
1329 1902 1504 1937 volebat:

97 1962 308 2007 habuitque
351 1971 432 1996 eam
477 1970 572 1994 sane
609 1959 790 1994 librorum
823 1969 908 1992 cum
941 1968 1112 2002 numero,
1145 1962 1222 1992 tum
1258 1957 1506 2002 praestantia,

97 2028 172 2054 non
202 2017 329 2052 minus
354 2016 581 2050 instructam
613 2015 890 2059 refertamque,
919 2023 1031 2057 quam
1063 2013 1257 2058 principes
1289 2012 1503 2048 Literarum

96 2072 271 2119 plerique
301 2072 385 2117 ipso
416 2071 533 2117 longe
565 2070 780 2115 beatiores;
812 2069 931 2116 igitur
960 2070 1082 2104 bonos
1113 2069 1248 2112 libi-OS,
1281 2071 1319 2103 et
1351 2070 1504 2103 veteres

99 2132 136 2164 et
167 2137 303 2180 110VOS,
333 2137 381 2162 ex
412 2127 674 2171 Antiquarum
704 2134 852 2171 genere
883 2125 1124 2175 Literarum,
1163 2123 1302 2169 quibus
1335 2124 1502 2170 insignis

96 2185 142 2219 ad
175 2194 286 2219 usum
315 2183 465 2218 inesset
494 2182 588 2232 dos,
628 2181 720 2216 fere
749 2190 882 2215 omnes
923 2183 984 2216 vel
1025 2181 1214 2224 habebat,
1247 2180 1307 2214 vel
1339 2180 1501 2214 emebat.

97 2242 225 2286 Saepe
255 2238 370 2275 etiam
401 2237 597 2273 incidebat
628 2237 690 2272 vel
723 2236 938 2271 necessitas
969 2237 1031 2271 vel
1063 2235 1328 2281 opportunitas
1360 2235 1505 2270 veteris

100 2295 247 2332 codicis
285 2295 422 2340 scripti
461 2294 499 2329 in
533 2296 667 2329 extera
705 2291 940 2328 bibliotheca
972 2289 1220 2336 conserendi,
1252 2294 1318 2326 aut
1349 2290 1502 2325 descri-

98 2352 234 2388 bendi:
266 2361 337 2386 nec
367 2360 464 2396 opus
497 2350 601 2385 nulla
632 2347 809 2383 mercede
840 2349 1062 2384 constabat:
1099 2347 1138 2383 in
1178 2357 1300 2392 eaque
1332 2347 1502 2382 offeren-

96 2409 145 2442 da
175 2411 213 2443 et
243 2406 451 2450 solvenda,
491 2405 576 2450 ipse
613 2403 781 2439 studium
820 2413 932 2438 suum
972 2404 1121 2451 magis,
1162 2413 1273 2449 quam
1305 2402 1503 2438 facultatis

97 2463 263 2510 modum,
295 2461 533 2498 consulebat.
592 2461 712 2503 Quum
746 2469 818 2494 sua
857 2459 942 2504 ipse
981 2463 1118 2495 natura
1161 2459 1292 2494 facilis
1323 2468 1368 2494 ac
1397 2458 1502 2493 libe-

99 2615 126 2655 ⁸)
153 2615 202 2647 Cf.
230 2615 369 2647 Ruhnk.
396 2616 476 2647 dict.
501 2615 542 2646 ad
570 2614 714 2646 Terent.
742 2614 879 2644 Phorm.
915 2614 938 2651 1,
964 2611 993 2649 1.
1025 2613 1073 2643 10.
1099 2614 1166 2644 FR.

3 2686 13 2705 ⁸
96 2681 140 2722 **)
167 2682 245 2714 Vid.
272 2690 352 2722 pag.
379 2684 431 2714 ed.
459 2691 508 2722 pr.
535 2682 617 2713 157.
645 2689 695 2720 sq.
724 2682 793 2711 FB.

93 2747 150 2789 Μ)
178 2750 229 2782 cf.
254 2757 361 2789 supra
392 2758 470 2790 pag.
493 2749 547 2780 52.
575 2748 628 2780 ed.
656 2756 707 2787 pr.
734 2748 800 2778 tin.
