1816 3233
800 155 854 161 —-
929 133 1122 173 156-

264 260 357 295 prae
387 260 431 285 se
461 249 570 292 tulit,
599 251 640 282 ut
661 247 709 282 de
734 246 802 281 illa
822 245 993 282 editione
1017 257 1089 282 nec
1106 246 1193 291 ipse
1223 247 1462 296 loqueretur,
1486 258 1557 283 nec
1579 249 1677 285 alios

169 306 249 342 262
268 307 470 351 loquentes
508 303 674 337 libenter
711 301 885 347 audiret,
916 303 1133 347 multosque
1171 301 1325 337 minime
1354 313 1486 339 secum
1516 314 1677 350 compa-

270 361 414 396 randos
454 363 581 393 tamen
622 356 698 392 sibi
730 360 943 402 praeferret
985 362 1023 393 et
1062 358 1192 402 aliquo
1231 357 1268 392 in
1308 368 1466 394 numero
1505 359 1675 397 haberet.

270 416 521 452 Adolescens
555 412 830 460 Wittebergae
861 416 1016 448 creatus
1047 416 1129 447 erat
1160 413 1435 458 Philosophiae
1463 415 1613 451 Doctor
1643 421 1679 451 et

272 465 522 507 Liberatium
549 468 710 504 Artium
745 467 1017 515 illayister:*)
1060 478 1147 503 mox
1187 469 1226 503 in
1267 468 1467 504 Bataviam
1513 470 1677 517 delatus,

270 527 372 561 hunc
404 524 558 559 titulum
589 524 686 559 adeo
718 534 792 560 non
824 535 916 569 prae
947 534 990 559 se
1020 524 1132 569 tulit,
1163 527 1204 559 ut
1236 534 1347 559 nemo
1377 525 1579 570 quisquam
1609 537 1677 562 re-

266 582 455 616 scisceret
493 589 579 615 eum
619 580 685 615 illo
717 579 861 615 honore
890 580 1120 627 insignitum
1152 580 1288 615 fuisse.
1347 581 1677 629 Quinquagesimo

266 636 406 671 deinde
453 645 553 671 anno
606 634 796 682 (1793.]‚
847 645 949 670 more
987 635 1095 671 illius
1136 635 1375 671 Academiae
1419 637 1608 688 solemni,
1637 640 1679 673 in

264 692 509 731 saecularem
548 692 778 728 memoriam
807 693 1045 737 impetratae
1074 692 1246 726 eiusdem
1276 692 1477 738 diynitate's
1497 697 1590 728 ame
1609 693 1681 729 lzos

265 749 550 795 quinquaqinta
568 757 695 782 armos
717 757 806 783 cum
818 751 1010 793 potestate
1027 749 1066 782 in
1084 748 1159 783 hac
1177 746 1393 784 Academia
1411 749 1586 794 primum
1603 750 1679 784 do-

265 804 397 851 cendi,
428 803 705 849 Philosophiae
717 804 867 839 Doctor
889 807 924 839 et
946 803 1194 840 Liberatium
1217 803 1374 840 Artium
1397 805 1590 851 Mayister
1606 806 1680 840 de·-

266 869 347 896 nuo
377 860 602 905 appellatus
631 863 711 895 est:
743 860 839 895 haec
869 864 929 894 est
963 860 1128 894 formula
1159 859 1252 896 editi
1296 860 1370 895 hoc
1401 860 1553 895 nomine
1583 870 1679 906 pro-

265 915 507 962 grammatiS,
542 915 655 951 cuius
686 915 923 960 exemplaria
955 916 1172 961 complura,
1214 926 1300 951 cum
1330 916 1553 951 honorificis
1583 917 1678 952 lite-

265 971 319 1006 ris
350 971 396 1005 ad
437 980 524 1006 eum
554 971 714 1016 scriptis
763 971 868 1005 misit
907 972 1088 1007 Decanus
1129 971 1428 1016 Philosophicae
1459 972 1677 1008 Facultatis

267 1028 328 1062 Fr.
360 1026 596 1061 Godofridus
625 1027 730 1073 Aug.
751 1026 984 1069 Meerheim,
1013 1027 1066 1062 V.
1089 1026 1145 1061 Cl.
1166 1026 1293 1061 Huius
1313 1026 1404 1061 item
1425 1027 1483 1062 rei
1503 1027 1678 1063 notitiam

266 1081 524 1117 Ruhnkenius
560 1091 632 1117 non
655 1082 728 1116 nisi
745 1092 830 1116 cum
863 1091 937 1116 uno
970 1086 1036 1116 aut
1065 1081 1186 1116 altero
1210 1082 1511 1118 communicavit
1541 1084 1679 1119 amico.

266 1137 471 1184 Nimirum,
501 1138 566 1182 qui
596 1137 715 1173 sciret
744 1147 856 1183 quam
888 1137 963 1172 late
995 1141 1142 1183 pateret
1174 1138 1447 1183 Philosophiae
1487 1142 1526 1174 et
1555 1139 1678 1175 Libe-

266 1193 403 1229 ralium
433 1194 588 1229 Artium
619 1203 778 1240 munus,
810 1193 910 1229 haud
947 1197 1248 1229 consentaneum
1290 1194 1372 1229 suis
1402 1194 1574 1231 moribus
1611 1195 1678 1231 iu-

265 1249 432 1294 dicabat,
462 1249 617 1285 titulum
649 1249 832 1295 profiteri,
862 1249 975 1285 cuius
993 1249 1141 1285 muneri
1160 1250 1394 1286 satisfacere
1425 1261 1499 1286 non
1529 1255 1676 1297 posset.

265 1307 309 1341 In
349 1305 505 1340 circulis
547 1315 593 1340 ac
633 1305 904 1353 sermonibus,
935 1315 1094 1351 quorum
1126 1307 1210 1341 fere
1239 1310 1509 1354 argumentum
1540 1309 1601 1342 est
1630 1307 1678 1342 de

265 1362 381 1397 rebus
413 1361 637 1396 novissimis
668 1362 886 1407 quibusque
930 1361 1083 1397 bellicis
1122 1371 1168 1397 ac
1197 1362 1380 1398 civilibus
1417 1361 1570 1408 publice
1598 1372 1677 1410 ge-

265 1417 356 1467 stis,
388 1417 428 1452 in
460 1416 601 1461 quibus
640 1426 748 1452 nemo
787 1421 847 1452 est
878 1418 970 1463 quin
1014 1427 1150 1462 sapere
1189 1418 1265 1453 sibi
1296 1418 1494 1463 videatur3
1537 1418 1576 1454 in
1617 1419 1678 1454 his

264 1472 387 1520 igitur
426 1471 475 1507 ad
518 1474 625 1507 recte
663 1472 911 1508 iudicandum
943 1473 1153 1519 praecipue
1182 1473 1287 1509 valet
1316 1474 1424 1509 locos
1462 1478 1677 1510 terrarum-

166 1534 247 1570 263
263 1538 338 1573 que
385 1528 487 1564 situs
528 1538 664 1573 nosse,
705 1529 931 1575 Regnorum
978 1530 1200 1574 Rerumque
1248 1529 1509 1577 publicarum,
1558 1540 1679 1566 caus-

265 1594 343 1629 sas,
375 1584 688 1628 constitutiones,
722 1585 880 1630 formas,
909 1585 1126 1630 commoda,
1168 1585 1381 1633 utilitates,
1413 1584 1679 1622 necessitudi-

265 1649 355 1683 ne5‚
387 1639 562 1685 foedera,
595 1643 719 1685 pacta,
750 1640 870 1687 vires,
900 1641 1044 1687 copias,
1076 1644 1306 1687 perspectas
1339 1642 1496 1688 habere,
1527 1641 1678 1678 omnino

264 1695 421 1731 civilem
460 1695 704 1740 prudentiam
746 1696 970 1732 historicam
1012 1700 1157 1732 tenere.
1227 1699 1337 1733 Hanc
1380 1701 1419 1733 et
1456 1697 1496 1733 in
1536 1698 1678 1734 Ritteri

264 1750 472 1796 disciplina
502 1756 749 1796 perceperat,
788 1757 827 1787 et
866 1762 938 1788 suo
979 1756 1114 1797 postea
1154 1753 1282 1788 studio
1313 1753 1503 1788 coluerat:
1536 1758 1677 1798 tamen,

265 1806 377 1851 quasi
405 1806 568 1853 ignarus
599 1807 685 1842 eius
715 1810 834 1852 esset,
863 1807 1040 1842 homines
1061 1807 1110 1842 de
1127 1807 1189 1842 his
1207 1808 1325 1843 rebus
1356 1808 1487 1853 inepte
1510 1808 1677 1854 loquen-

265 1868 338 1907 tes,
368 1862 562 1907 patienter
592 1862 798 1907 audiebat;
838 1866 876 1897 et
914 1862 1078 1898 libenter
1115 1863 1234 1906 adeo,
1273 1863 1308 1898 si
1338 1864 1490 1909 quidem
1522 1864 1675 1911 iisdem,

264 1918 406 1963 quibus
435 1917 532 1962 ipse,
564 1918 738 1962 partibus
769 1919 961 1963 faverent,
991 1921 1029 1952 et
1058 1918 1226 1963 aliquam
1256 1918 1294 1953 in
1322 1929 1364 1954 re
1394 1920 1550 1964 publica
1580 1929 1677 1965 per-

264 1983 397 2008 sonam
437 1976 632 2020 gererent.
696 1972 771 2017 Qui
809 1973 963 2019 quidem
1002 1983 1129 2009 mores
1177 1974 1547 2025 proficiscebantur,
1589 1986 1677 2011 cum

264 2039 313 2064 ex
344 2029 511 2064 naturali
542 2029 706 2074 quadam
738 2029 855 2064 animi
885 2029 1151 2065 benivolentia
1180 2040 1225 2065 ac
1267 2030 1481 2076 modestia,
1519 2035 1596 2067 tum
1628 2041 1678 2067 ex

265 2085 348 2136 illa,
378 2084 426 2120 de
457 2095 532 2130 qua
570 2095 689 2131 saepe
719 2084 906 2130 diximus,
936 2085 1154 2132 facilitate,
1193 2096 1269 2131 qua
1298 2097 1365 2131 se,
1403 2092 1445 2122 ut
1475 2086 1584 2131 aliis,
1623 2087 1678 2122 ita

267 2140 342 2176 sibi
373 2141 456 2186 ipse
487 2141 642 2176 facilem
673 2141 896 2186 praebebat.
940 2141 1081 2188 Igitur,
1113 2144 1363 2187 posteaquam
1389 2143 1529 2178 mentis
1552 2143 1677 2178 aciem

267 2196 368 2232 domi
400 2196 619 2232 Literarum
650 2197 792 2232 studiis
822 2196 1068 2247 intendisset,
1099 2196 1158 2233 his
1189 2197 1352 2243 relictis,
1383 2208 1468 2232 eam
1498 2198 1677 2234 remitte-

268 2262 308 2287 re
338 2255 377 2287 et
405 2252 440 2287 in
471 2254 663 2288 communi
697 2252 778 2288 vita
806 2252 892 2298 ipse
921 2252 1135 2288 communis
1155 2262 1246 2288 esse
1263 2253 1426 2290 volebat.
1487 2253 1674 2298 Scripse-

267 2318 346 2343 ram
389 2306 691 2355 aliquando‚**)
730 2318 894 2356 magnos
925 2309 1032 2344 viros
1063 2318 1086 2343 a
1123 2309 1228 2344 curis
1266 2318 1416 2354 rerum,
1453 2308 1493 2344 in
1533 2309 1674 2354 quibus

269 2363 518 2409 excellerent,
561 2374 604 2399 se
633 2364 688 2399 ita
718 2365 895 2400 relaxare
927 2364 1064 2400 solitos
1095 2374 1205 2408 esse,
1236 2367 1278 2400 ut
1308 2365 1423 2401 etiam
1455 2364 1558 2400 iufra
1587 2374 1673 2400 me-

267 2418 454 2456 diocrium
484 2425 638 2465 captum
680 2421 874 2456 hominum
907 2430 1046 2465 sapere
1086 2420 1321 2456 viderentur.
1387 2420 1460 2457 Hic
1499 2419 1534 2455 ei
1565 2420 1674 2455 locus

268 2475 431 2512 mirifice
470 2476 668 2522 placebat:
712 2476 998 2524 ‚,Huiusmodi“
1029 2477 1153 2522 inquit
1187 2477 1327 2527 „plane
1358 2486 1479 2512 meum
1511 2480 1569 2511 est
1602 2486 1674 2511 ne-

270 2608 297 2646 ·)
324 2609 400 2640 Hoc
425 2610 562 2639 nomine
586 2609 627 2639 ad
654 2609 823 2648 publicam
850 2611 1138 2649 disceptationem
1164 2612 1395 2648 proposuerat
1421 2608 1675 2647 disputationes

313 2653 392 2684 illas
415 2652 458 2683 dc
483 2653 584 2684 Galla
613 2654 776 2692 placidia,
802 2655 845 2685 de
870 2655 992 2694 quibus
1027 2661 1136 2692 supra
1164 2654 1289 2684 dictum
1316 2661 1395 2693 pag.
1423 2653 1476 2684 1⁴1.
1511 2652 1676 2684 BERGM.

270 2707 312 2746 ⁸⁶)
342 2707 501 2739 Biblioth.
528 2707 613 2739 Crit.
640 2708 718 2740 Vol.
746 2708 803 2740 111.
830 2710 923 2742 Part.
953 2710 978 2741 1.
1004 2710 1160 2741 praefat.
1187 2718 1216 2748 p.
1242 2708 1319 2739 xn.
