1816 3233
623 270 930 313 —195—

70 339 152 376 pag
161 339 209 369 ed
200 339 342 416 {33¹3oe
364 385 471 416 etiam
491 386 651 424 Quinctil.
669 386 733 426 IX,
757 379 789 427 4,
816 385 871 417 52.
899 385 954 423 [et
977 380 1126 424 saepius.
1131 386 1150 424 ]
1182 370 1346 427 seriores
1370 383 1476 417 multo

227 432 367 470 saepius
391 431 572 470 usurpant.
597 431 881 464 LINDEMANN.
909 430 963 462 Cf.
988 432 1115 462 Krebs.
1139 432 1161 462 l.
1191 422 1214 462 l.
1239 439 1318 477 pag.
1332 429 1410 462 647.
1423 440 1477 472 sq.

69 470 148 516 146.
151 490 204 516 vs,
211 483 244 516 7.
268 484 307 516 in
340 484 551 518 oblivionem
583 485 734 518 abirent.
770 489 793 518 i.
826 495 859 517 e.
894 487 930 517 in
964 486 1178 520 oblivionem
1210 486 1478 527 adducerentur,

229 529 403 562 oblivioni
426 533 610 574 darentur,
633 533 811 564 oblivione
836 532 1081 563 obruerentur.
1119 535 1177 564 Sic
1199 532 1294 565 infra
1316 533 1476 573 164,12.

227 576 295 608 Sed
326 585 412 608 num
441 579 517 617 quis
554 581 713 609 veterum
746 580 799 609 sic
837 578 1003 618 loquutus
1039 580 1105 617 sit,
1142 587 1211 610 non
1241 586 1382 618 possum
1414 585 1476 617 pro

227 623 329 653 certo
354 617 485 653 dicere.
541 622 678 654 Seneca
710 626 827 655 tamen
863 622 906 653 de
932 623 1035 654 Brev.
1061 623 1164 654 Vitae
1197 632 1270 663 cap.
1297 624 1350 656 13.
1385 628 1475 655 extr.

224 664 352 698 Satius
375 667 478 709 erat,
514 669 642 708 inquit,
679 667 752 699 ista
782 666 822 699 in
851 666 1062 698 oblivionem
1093 668 1158 700 ire.
1205 669 1278 701 Cfr.
1312 678 1401 710 quae
1431 668 1477 701 ad

224 719 304 755 pag.
328 711 383 754 72,
409 712 460 743 13.
486 713 667 745 adnotavi.

86 772 123 780 ·-
155 755 239 787 4-9.
264 764 370 787 suum
392 755 461 788 sibi
484 756 659 789 iudicium
682 757 914 799 sequentibus.
963 758 1015 790 Cf.
1040 759 1174 798 Zumpt.
1200 747 1261 791 Gr.
1279 759 1318 790 L.
1343 761 1375 799 5.
1395 760 1474 793 746.

88 817 124 825 -
154 817 191 825 -—
210 800 267 833 14.
290 810 438 842 praeses
459 803 701 843 produxerat.
748 804 853 835 Haud
875 805 950 835 scio
975 812 1018 835 an
1043 806 1155 843 aptius
1178 805 1284 837 fuerit
1306 806 1477 837 modera-

223 845 338 879 torem
361 849 493 890 dicere,
518 851 612 881 cuius
637 850 746 882 ductu
769 852 991 890 auspicioque
1016 852 1185 882 eiusmodi
1209 850 1400 890 disputatio
1423 854 1477 884 in-

225 895 396 926 stituitur.

84 954 121 960 —
152 937 259 970 -18,
285 938 364 970 eam
393 937 447 970 de
468 936 662 970 Andocide.
715 940 793 970 Hoc
831 940 918 970 ferri
953 940 1050 971 nullo
1088 941 1190 972 modo
1226 944 1351 980 potest.
1408 944 1478 975 Aut

225 983 458 1016 omittendum
499 992 692 1023 pronomen
729 989 785 1016 est·
825 990 883 1018 aut
921 987 1069 1024 repetito
1109 989 1294 1025 superiore
1336 991 1478 1019 nomine

224 1028 458 1072 scribendum,
481 1028 765 1069 disputationem
788 1029 831 1061 de
846 1029 1039 1062 Andocide.
1081 1031 1203 1063 Facile
1227 1033 1478 1065 defenderetur

224 1074 350 1118 illam,
382 1077 404 1107 i.
432 1083 462 1107 e.
495 1076 649 1107 nobilem
683 1076 779 1107 illam
811 1080 848 1107 et
879 1077 1110 1115 piaeclaram.
1148 1078 1192 1108 cf.
1228 1078 1272 1108 ad
1303 1078 1477 1116 219,12.

225 1120 305 1152 vid.
329 1119 374 1153 ad
398 1117 525 1154 Muret.
549 1121 630 1153 Vol.
655 1120 699 1152 11.
724 1129 803 1162 pag.
826 1121 906 1153 218.
939 1122 1078 1162 Zumpt.
1104 1123 1135 1162 5.
1160 1110 1345 1155 7672111111.
1376 1131 1478 1165 quein

225 1173 321 1198 nunc
343 1173 482 1197 mecum
505 1167 626 1198 facere
650 1165 805 1206 video..

87 1225 125 1234 -
154 1208 264 1242 —19.
290 1209 499 1242 Orationem
529 1207 707 1242 adversus
730 1201 962 1242 Alcibiadem.
1009 1212 1108 1243 Haec
1140 1214 1254 1244 oratio
1288 1223 1392 1254 quum
1422 1217 1477 1246 in·-

224 1253 401 1288 scribatur
424 1250 513 1288 κατὰ
532 1253 766 1297 Ἀλκιβιάδου,
797 1257 890 1287 orat.
918 1257 957 1287 in
979 1255 1094 1287 Alcib.
1126 1259 1354 1309 scribendum
1379 1264 1474 1299 erat3

223 1301 400 1333 adversus
422 1310 546 1334 verum
571 1306 671 1333 esset
695 1302 739 1332 de
763 1304 940 1343 oratioue,
965 1310 1054 1341 quae
1077 1298 1163 1344 ποὺς
1176 1300 1390 1344 Ἀλκιβιάδην
1414 1307 1476 1336 lia-

223 1348 295 1379 bita
318 1347 505 1379 diceretur.
555 1347 693 1378 Etenim
717 1345 805 1377 κατά
828 1346 913 1387 (in)
938 1349 1038 1387 quasi
1062 1348 1273 1380 domicilium
1309 1351 1412 1382 habet
1441 1353 1477 1382 in

225 1394 466 1434 accusatione,
488 1391 573 1436 πρός·
593 1391 816 1432 (adversus)
842 1392 1083 1425 tantummodo
1105 1394 1332 1432 praesentem
1354 1395 1393 1425 1·11
1415 1395 1475 1426 111-

222 1434 341 1491 dicio,
377 1446 448 1470 non
482 1444 585 1469 reum
616 1435 760 1478 factum
794 1439 964 1469 declarat.
1022 1440 1080 1470 Sic
1116 1443 1242 1470 auctor
1277 1443 1477 1481 argumenti

224 1483 398 1515 oraiionis
422 1477 604 1515 Demosth.
628 1485 663 1515 in
689 1484 891 1524 Leptinem:
913 1480 949 1514 ‘O
971 1481 1058 1528 πρὸς
1079 1482 1255 1524 Λεπτίνην
1278 1484 1376 1538 λόγος
1399 1498 1478 1518 επι-

223 1525 361 1583 γραφὴν
390 1528 458 1569 ἔχει
489 1526 674 1572 τοιαύτην,
706 1526 893 1583 ἐπειδήπερ
921 1527 1161 1581 παρελθόντος
1182 1530 1246 1561 τοῦ
1266 1529 1410 1587 χρόιου,
1441 1544 1476 1564 εν

224 1565 249 1616 ᾧ
273 1571 472 1611 ὑπεύθυνος
495 1572 539 1615 ἢν
561 1584 668 1626 κρισει
691 1573 749 1604 καὶ
771 1573 932 1628 τιμωρίᾳ
942 1573 1082 1628 γράφων
1095 1586 1147 1612 τις
1168 1573 1291 1614 νόμον,
1319 1574 1475 1614 ἐφαίνετο

222 1617 398 1674 Λεπτίνης
420 1617 610 1656 ἀκίνδυνος·
647 1615 734 1650 ὅθεν
758 1618 860 1664 πρὸς
883 1617 1034 1661 αυτόν,
1062 1617 1131 1652 ἀλλ,
1158 1619 1198 1651 οὐ
1221 1619 1311 1652 κατ’
1337 1621 1478 1655 αὑτοῦ

222 1662 375 1705 ολόγος.

89 1725 126 1733 -
155 1706 510 1743 -20.11ὸ1”11111·ει11ε.
557 1709 634 1741 Hoc
665 1709 812 1741 verbum
844 1718 914 1741 non
946 1710 1039 1742 solet
1073 1713 1232 1742 construi
1256 1719 1332 1743 cum
1357 1713 1474 1745 dativo

226 1758 321 1795 eiuS,
351 1764 372 1787 a
401 1763 470 1795 quo
502 1755 585 1796 quid
616 1754 855 1792 abiudicatur‚
889 1755 1036 1795 ideoque
1060 1764 1113 1787 vs.
1137 1757 1299 1788 anteced.
1329 1756 1375 1788 ab
1397 1756 1475 1789 An-

225 1800 353 1833 doc-ide
376 1800 560 1832 dicendum
585 1804 651 1832 est.
700 1800 753 1832 Cf.
779 1801 914 1840 Zumpt.
940 1801 982 1832 ad
1008 1800 1081 1832 Cic.
1105 1797 1212 1833 Verr.
1238 1810 1318 1842 pag.
1345 1803 1423 1835 110.

69 1833 148 1889 147.
156 1872 190 1880 -
208 1855 239 1889 1.
264 1853 456 1888 habiturus
471 1857 581 1887 etiam
595 1854 725 1895 flasset
734 1855 1061 1899 Hemsterhusium,
1085 1856 1117 1887 si
1133 1857 1167 1888 is
1184 1857 1303 1888 adhuc
1317 1856 1474 1900 [etiam-

227 1900 329 1943 tum]
357 1901 517 1933 vixisset.
564 1902 657 1933 Malo
679 1900 795 1942 fuerit
825 1911 887 1941 pro
917 1903 1191 1943 plusquamperf.
1213 1902 1350 1943 fuisset.
1397 1906 1475 1938 Vid.

226 1949 362 1986 Zumpt.
382 1948 416 1986 5.
432 1947 510 1978 498.
533 1947 685 1988 Madvig.
702 1950 737 1979 iu
759 1947 887 1986 Opusc.
904 1948 1068 1979 Academ.
1087 1949 1189 1980 alter.
1210 1956 1288 1989 pag.
1301 1946 1383 1981 227.
1400 1959 1475 1992 sqq.

88 2012 126 2028 ι’·-
155 2007 299 2036 -extr.
329 2003 512 2034 instruere
541 2002 749 2044 ayqredimu
811 2004 869 2034 Sic
899 2003 973 2034 Cic.
1005 2003 1047 2033 de
1080 2002 1145 2035 Off.
1182 2002 1233 2043 11,
1268 2004 1300 2035 1.
1332 2007 1383 2044 pr.
1423 2003 1477 2037 De

227 2048 356 2090 quibus
384 2049 505 2080 dicere
535 2048 754 2090 ayqredwr,
789 2047 820 2078 si
849 2050 975 2086 pauca·
1001 2047 1109 2087 prius
1138 2065 1179 2069 —-
1213 2048 1354 2081 cliwero.
1407 2052 1475 2084 Sed

229 2096 393 2126 usitatior
417 2098 471 2125 est
493 2094 608 2125 altera
631 2097 811 2125 structura
834 2089 1030 2134 ayqredior
1053 2090 1102 2124 ad
1125 2093 1325 2127 dicendum.

0 2138 3 2141 ’
70 2139 485 2180 14e.—9.seoea,1eszmo
509 2139 543 2170 et
564 2144 666 2170 nono.
714 2135 768 2170 Cf.
793 2139 835 2170 ad
860 2147 937 2179 pag.
962 2138 1040 2181 131,
1064 2136 1097 2171 2.

70 2185 192 2218 149.-
207 2187 240 2217 3.
266 2185 387 2226 quoad
418 2185 494 2216 eius
520 2182 604 2224 fieri
633 2184 761 2223 posset.
818 2184 868 2216 De
904 2185 970 2216 hac
1004 2181 1159 2216 formula
1195 2184 1475 2226 Wyttenb'achio

227 2238 395 2272 perquam
418 2230 583 2262 familiari
604 2230 672 2261 vid.
696 2229 821 2261 Krebs.
848 2230 963 2261 Antii).
987 2229 1067 2271 pag:
1092 2230 1168 2262 670.
1193 2231 1239 2262 cf.
1263 2228 1371 2272 supra
1393 2240 1474 2273 pag.

225 2276 283 2317 21,
305 2275 362 2307 22
394 2277 490 2307 infra
514 2275 590 2317 183,
614 2274 672 2306 20.

88 2336 127 2344 -
157 2321 243 2352 —S.
267 2321 480 2363 eruditioris
505 2320 723 2361 Theoloqiae.
768 2318 950 2350 Erudztus
968 2320 1034 2351 adi.
1061 2321 1165 2352 etiam
1187 2318 1348 2352 inanimis
1371 2321 1478 2353 tribui

228 2365 383 2399 constat.
419 2367 497 2398 vid.
523 2367 652 2398 Krebs.
679 2367 702 2397 l.
728 2365 944 2405 1.pag.326.
970 2367 1014 2396 cf.
1040 2363 1151 2406 supra
1174 2363 1220 2397 ad
1234 2364 1394 2414 pag-59,
1418 2366 1476 2398 17.

89 2428 127 2435 -
157 2429 195 2435 -
213 2413 268 2445 19.
291 2410 391 2452 forte
413 2429 457 2433 —
481 2419 671 2452 ayqressus
702 2419 747 2442 es.
794 2411 903 2441 Immo
932 2408 1092 2450 fortasse
1121 2428 1164 2433 —
1195 2404 1388 2452 ayyressus
1413 2411 1476 2444 sis.

230 2459 283 2490 De
307 2457 543 2499 ayyrediendz'
565 2458 676 2488 verbo
700 2455 804 2487 modo
828 2455 988 2487 diximus.

72 2503 151 2536 150.
157 2519 195 2526 -
214 2503 268 2536 13.
292 2503 355 2534 sed
377 2509 464 2533 vero
486 2502 588 2544 lonye
608 2500 947 2542 fructuosissimam.
995 2500 1049 2533 Cf.
1074 2502 1161 2542 adp
1142 2502 1221 2543 pag.
1247 2500 1322 2544 142,
1344 2501 1401 2536 20.

92 2566 130 2575 --
162 2549 271 2582 -17,
297 2547 531 2580 enchiridion.
585 2548 756 2580 Fortasse
790 2547 927 2578 Graece
965 2544 1190 2578 scribendum
1222 2553 1363 2579 nomen.
1418 2538 1473 2580 (Ξῖ.

233 2594 367 2627 Gellius
389 2592 505 2625 Noctt.
530 2595 601 2625 Ait.
624 2594 734 2632 praef.
782 2592 859 2623 Non
890 2592 983 2623 eniin
1009 2590 1175 2624 Latinam
1207 2590 1381 2624 civitatem
1411 2601 1476 2625 ac-

234 2642 374 2680 cepisse
401 2640 548 2671 videtur.
595 2635 882 2670 LINDEMANN.
929 2635 1003 2668 vid.
1022 2639 1147 2669 Mul-et.
1162 2639 1247 2669 Var.
1273 2638 1414 2679 [sect-‚1
1438 2640 1476 2671 3.

75 2690 154 2730 151.-
162 2692 249 2728 -3,
273 2692 431 2728 alteram
451 2695 606 2735 p-atrem
654 2695 777 2734 Longe
811 2693 974 2724 usitatius
1003 2694 1060 2723 est
1088 2681 1245 2724 atteram
1272 2687 1476 2736 parentem,

234 2742 301 2773 hac
335 2704 476 2773 tralata
499 2738 770 2784 significatione.
816 2737 895 2769 Vid.
918 2737 989 2770 Cic.
1022 2731 1065 2777 ad
1086 2732 1185 2781 Fam.
1209 2728 1253 2780 V,
1277 2735 1317 2780 8,
1341 2740 1373 2771 4.
1410 2746 1475 2779 pro

235 2787 368 2818 Milone
393 2781 979 2826 §.10‘2.Kre11s.1.1.pag.574.
1024 2770 1194 2816 Chin'fra
1216 2761 1261 2816 ad
1285 2783 1361 2826 158,
1386 2783 1441 2816 16.

94 2850 132 2857 —
161 2831 334 2863 -10.1η
354 2831 514 2862 animum
535 2829 675 2863 induxi.
722 2828 775 2860 Cf.
801 2829 842 2860 ad
867 2819 923 2870 19,
945 2827 977 2859 7.

74 2877 155 2913 153.
160 2893 198 2902 --
213 2876 272 2913 21
295 2876 611 2918 Philosophiaeque
632 2870 898 2916 professionem.
946 2873 1000 2906 cf.
1023 2867 1126 2914 Supra
1149 2866 1221 2906 ad
1213 2871 1293 2916 pag.
1317 2867 1420 2915 89,6
1420 2896 1428 2906 .

1133 2928 1214 2968 13*

653 3029 671 3047 ἱ
