1816 3233
624 205 923 244 —115—

73 329 143 355 nae
167 319 427 355 absolvendae
445 319 620 367 editioni,
645 329 730 355 cum
753 317 999 364 bibliopolam
1021 322 1100 354 tum
1121 328 1215 354 vero
1237 319 1355 354 otium
1378 329 1479 354 nan-

73 377 244 411 ciscatur
281 375 640 421 praestantissimus
680 375 817 422 editor,
859 375 1077 410 Literarum
1118 385 1261 410 caussa
1290 378 1478 420 optamus.

155 422 257 466 'rum'
271 441 424 477 quoque
447 431 646 476 praeclare
668 430 807 466 meruit
829 430 876 464 de
894 430 1023 476 Celso,
1048 430 1181 465 Indice
1201 431 1405 466 verborum
1425 431 1478 466 lo-

73 486 339 532 cupletissimo
369 487 532 533 Georgii
560 486 769 529 Matthiae,
814 486 1056 521 Professoris
1098 487 1286 531 quondam
1319 487 1478 523 Gottin—

71 540 290 590 gensis,*)
331 546 370 578 et
407 543 517 578 brevi
555 543 808 588 praefatione,
847 540 1083 586 bibliopolae
1125 542 1276 577 nomine
1316 543 1478 590 scripta,

71 597 261 634 addendis
292 599 469 648 editioni,
500 608 599 644 quae
627 598 773 635 Leidae
812 598 910 643 apud
943 597 1246 633 Luchtmansios
1277 600 1381 634 facta
1420 603 1479 634 est

73 664 110 691 a.
142 652 264 691 1785.
297 657 420 690 forma
450 654 650 701 quadrata.

183 709 427 746 Fructuosus
458 711 533 746 fuit
559 721 683 746 annus
714 711 761 745 ad
786 711 915 746 studia
944 711 1142 746 doctorum
1178 711 1371 745 hominum
1404 722 1480 747 au·-

73 765 201 801 ctione
221 767 478 802 bibliothecae
508 767 792 814 Gronovianae,
821 777 920 812 quae
949 767 1039 802 inde
1070 767 1117 802 ab
1149 766 1275 801 laudis
1307 771 1480 814 auctore,

70 821 217 857 Ioanne
256 823 481 870 Frederico,
520 833 589 868 per
626 823 728 858 tilios
771 824 951 858 Iacobum
992 828 1029 858 et
1061 823 1310 859 Laurentium
1344 823 1479 858 Theo-

72 876 219 923 dorum,
257 881 297 912 et
335 883 510 923 nepotem
552 879 835 921 Abrahamum,
873 879 1005 913 Iacobi
1045 880 1186 924 fitium,
1229 879 1275 913 ad
1317 881 1373 913 tot
1405 879 1572 916 non192

70 932 184 967 modo
223 932 414 968 editorum
448 934 656 977 librorum,
705 933 776 968 sed
813 933 1047 969 ineditarum
1086 934 1480 978 animadversionum,

72 987 282 1037 volumina,
313 988 362 1023 ad
393 991 539 1024 tantum
572 989 747 1024 codicum
779 993 954 1024 veterum
984 990 1230 1034 scriptorum,
1271 989 1480 1024 editionum

72 1043 301 1089 principum,
341 1045 602 1092 collationum,
642 1055 840 1080 numerum
888 1049 1077 1087 creverat,
1115 1048 1157 1079 ut
1196 1045 1235 1087 in
1280 1045 1350 1079 hac
1387 1044 1482 1079 urbe

71 1109 158 1134 cum
198 1100 352 1144 publica
399 1100 635 1136 bibliotheca
686 1100 942 1145 contendere,
991 1104 1095 1134 certe
1143 1100 1282 1145 privati
1321 1110 1480 1134 censum

71 1164 259 1200 superare
287 1155 508 1191 videretur:
548 1165 662 1201 porro
693 1166 716 1189 a
746 1156 912 1191 dominis
950 1156 1049 1190 hand
1091 1166 1206 1191 secus
1237 1160 1354 1200 atque
1383 1155 1483 1190 reli-

71 1210 338 1254 giosissimum
379 1214 416 1245 et
454 1211 700 1246 inaccessum
749 1213 977 1246 servabatur
1018 1213 1172 1255 fanum,
1223 1221 1298 1256 quo
1340 1210 1481 1245 nemini

71 1274 146 1299 non
185 1264 297 1300 modo
337 1265 514 1312 ingredi,
554 1266 622 1301 sed
663 1266 726 1300 vel
766 1266 981 1317 adspirare,
1020 1267 1167 1301 liceret.
1238 1266 1482 1312 Vulgaribus

73 1319 267 1365 editisque
306 1320 417 1356 libris
459 1322 536 1356 iam
567 1325 657 1356 ante
696 1321 925 1356 decennium
964 1321 1148 1365 venditis,
1189 1321 1339 1366 reliqua
1380 1331 1483 1366 pars,

72 1385 148 1420 qua
179 1375 347 1412 rariores
387 1387 520 1412 omnes
562 1380 599 1412 et
648 1377 784 1422 scripti
823 1377 1120 1411 continebantur
1156 1377 1266 1419 libri,
1314 1377 1484 1421 nequid-

73 1441 186 1476 quam
225 1431 375 1479 ingenti
415 1433 540 1478 pretio
579 1433 779 1468 venditata
801 1430 858 1479 *Ἴ
898 1432 1107 1479 universa,
1157 1442 1224 1477 per
1265 1433 1482 1467 auctionem

72 1483 273 1522 divendita
302 1491 363 1522 est
390 1488 546 1524 minimo
575 1489 613 1523 in
644 1489 824 1535 singulos
855 1488 974 1523 libros
997 1498 1106 1532 aere3
1137 1487 1331 1523 hominum
1363 1487 1485 1534 vulgo

72 1541 216 1577 studiis
256 1542 302 1577 ad
335 1544 534 1579 emendum
576 1544 835 1591 frigentibus:
879 1554 962 1578 cum
996 1544 1147 1588 quidem
1179 1544 1316 1588 paucis
1347 1547 1485 1588 postea

72 1597 224 1645 diebus,
263 1599 443 1634 mandata
482 1600 716 1635 catharinae
745 1601 807 1639 11„
839 1600 1053 1634 Russornm
1087 1600 1308 1645 Augustae,
1346 1599 1483 1633 adfer-

73 1656 217 1699 rentur,
248 1654 410 1699 amplam
433 1654 668 1701 dignamque
694 1654 800 1689 illius
828 1655 1119 1700 magnificentia
1144 1655 1349 1698 pecuniam
1382 1655 1482 1689 offe-

74 1710 211 1745 rentis.
278 1711 338 1745 lta
374 1711 634 1746 Ruhnkenins
674 1709 881 1745 occasione
919 1710 1083 1745 solerter
1118 1720 1236 1754 usus,
1277 1710 1483 1744 maximam

72 1764 332 1810 optimamque
371 1766 554 1801 librorum
595 1767 927 1801 Gronovianorum
970 1770 1139 1811 partem,
1187 1775 1304 1810 parvo
1344 1765 1482 1811 pretio,

72 1820 332 1857 bibliothecae
361 1821 725 1868 Lugdunobatavae
754 1821 981 1856 vindicavit.

184 1876 374 1921 Appuleii
404 1877 720 1922 Oudendorpiani
765 1887 854 1922 pars
894 1876 1235 1921 Metamorphoses
1266 1876 1484 1920 continens,

74 1929 144 1976 pe‘r
182 1931 352 1967 sedecim
390 1942 512 1967 annos
552 1932 927 1978 chalcographorum
960 1932 1136 1967 manibus
1167 1935 1350 1982 tractata,
1392 1936 1483 1966 tan-

75 1985 162 2021 dem
209 1985 399 2033 (1786.)
447 1987 590 2032 prodiit
642 1997 726 2021 euin
776 1986 1020 2031 praefatione
1076 1986 1314 2022 Ruhnkenii.
1385 1988 1484 2022 Nam

74 2051 189 2086 quum
221 2042 485 2088 Oudendorpii
514 2042 552 2077 in
585 2042 848 2087 scriptoribus
882 2042 1034 2077 Latinis
1066 2052 1233 2087 operam,
1263 2045 1303 2077 ut
1334 2042 1482 2076 doctam

75 2100 114 2131 et
143 2100 383 2139 accuratam,
418 2098 551 2145 magni
583 2099 745 2142 faceret,
777 2098 930 2132 nolebat
960 2098 1198 2133 committere
1228 2101 1270 2132 ut
1301 2107 1412 2142 opus,
1443 2098 1481 2131 in
1502 2096 1581 2132 193

75 2161 150 2197 quo
180 2145 412 2197 expoliendo
442 2154 509 2188 ille
539 2153 702 2200 triginta
742 2154 827 2188 fere
857 2163 979 2188 annos
1009 2153 1306 2200 consumsisset,
1337 2153 1484 2187 diutius

75 2218 97 2242 a
126 2208 283 2252 publica
320 2209 409 2244 luce
446 2212 483 2244 et
522 2209 689 2244 utilitate
727 2205 985 2252 cohiberetur,
1028 2208 1270 2252 petieratque
1309 2209 1356 2242 ab
1397 2207 1484 2243 Ou-

75 2263 287 2308 dendorpio
327 2264 420 2309 filio,
461 2268 503 2299 ut
542 2265 617 2299 sibi
658 2264 882 2299 facultatem
922 2264 1031 2298 daret
1070 2263 1257 2308 Appuleii
1288 2263 1325 2297 in
1357 2264 1485 2298 lucem

74 2319 319 2364 proferendi:
360 2329 484 2365 eaque
518 2320 724 2365 impetrata
763 2319 965 2364 facultate,
1004 2319 1149 2362 reperit
1187 2319 1388 2354 librarium
1419 2319 1487 2363 qui

75 2373 294 2422 reciperet,
333 2385 377 2410 se
413 2375 749 2421 Me'tamorphosin
794 2375 916 2420 primo
954 2384 1214 2420 excusurum,
1253 2374 1412 2419 deinde,
1451 2374 1486 2409 si

78 2430 175 2465 haec
214 2429 378 2475 cupidos
416 2434 582 2467 emtores
622 2430 860 2475 invenisset,
912 2430 1085 2475 reliquos
1126 2429 1266 2475 libros,
1313 2429 1487 2477 Florida,

79 2486 337 2533 Apologiam‚
388 2487 684 2532 Philosophiam,
734 2486 964 2520 additurum.
1050 2485 1178 2532 Igitur
1228 2485 1490 2522 Ruhnkenius

79 2542 373 2588 commentarios
404 2542 669 2588 Oudendorpii
709 2541 894 2589 digessit,
935 2541 1099 2586 priorum
1131 2541 1488 2577 animadversiones

81 2681 112 2719 ⁸)
136 2683 196 2713 Sic
220 2684 276 2714 hic
299 2685 435 2723 quidem
460 2685 726 2723 wyttenbach.;
753 2684 1027 2722 Goettinyensis
1051 2685 1233 2721 Bergman.
1275 2684 1347 2714 FB.

82 2724 128 2766 ⁹⁸)
152 2727 256 2758 XXX
279 2728 336 2758 vel
354 2729 415 2759 XL
440 2729 587 2760 millium
612 2730 846 2759 florenorum:
882 2728 1074 2759 divendita
1096 2735 1142 2758 ne
1165 2728 1214 2758 ΙΙΙ
1238 2727 1375 2768 quidem
1408 2725 1490 2756 mil-

75 2778 94 2789 ·
126 2771 218 2802 libus
233 2772 458 2803 florenorum:
484 2777 574 2804 teste
593 2773 803 2804 'rexvatem
817 2773 919 2804 Narr.
931 2772 1094 2805 deAcad.
1113 2773 1151 2803 L.
1164 2772 1306 2810 B.p‚‘76.
1319 2770 1491 2803 BERGM.

1168 2814 1222 2851 8.
