1816 3233
829 189 1136 230 -126-

284 305 490 341 velocitate
521 303 675 338 valebat
717 302 928 351 eiusmodi,
971 307 1011 340 ut
1051 315 1125 339 uno
1154 304 1296 348 impetu
1336 308 1373 339 et
1410 304 1520 350 quasi
1550 304 1688 340 oculo-

285 372 367 396 rum
398 361 532 396 obtutu
572 361 803 405 argumenta
832 360 1009 405 quamvis
1049 360 1176 405 ampla
1201 360 1439 409 perciperet,
1483 364 1521 396 et
1560 362 1688 395 tamen

284 418 455 452 rationes
486 424 705 460 nexumque
734 415 990 461 perspiceret:
1023 415 1204 450 memoria
1235 418 1354 459 tanta,
1389 419 1431 451 ut
1462 417 1514 451 nil
1544 417 1689 462 scripto

286 475 443 515 notans,
482 471 609 506 omnia
647 473 815 516 teneret,
858 482 904 506 ac
934 481 1052 517 saepe
1083 471 1229 506 diceret
1267 469 1466 507 difficilius
1496 472 1569 507 sibi
1600 481 1690 507 esse

286 526 464 561 oblivisci
496 536 606 570 quam
632 526 876 573 meminisse3
900 524 939 574 *J
974 537 1060 562 cum
1089 527 1242 572 quidem
1274 537 1414 563 novum
1437 527 1590 573 librum,
1621 538 1689 563 re-

287 583 458 617 centiore
489 582 627 630 lingua
657 583 842 628 scriptum
880 593 926 618 ac
957 583 1134 628 populari
1165 584 1268 618 fama
1298 583 1558 630 celebratum,
1600 583 1688 618 nul-

285 639 360 673 lum
393 647 467 673 non
498 638 661 686 legeret.
719 638 916 674 pueritiae
956 649 1081 674 mores
1122 649 1189 684 per
1226 639 1409 685 reliquam
1442 639 1560 674 vitam
1599 648 1690 673 ser-

194 695 273 731 211
292 694 409 739 vavit,
440 694 740 740 simplicitatem,
771 695 1012 740 modestiam,
1042 695 1317 741 innocentiam,
1349 698 1400 741 et,
1432 695 1531 739 quod
1564 694 1693 730 Grae-

286 751 343 786 cis
375 750 529 796 dicitur,
559 744 608 787 τὸ
639 744 858 798 ἀνειμένον
888 749 960 787 καὶ
991 747 1225 802 παιδιῶδες,
1257 751 1373 785 animi
1404 751 1451 785 ad
1475 751 1601 786 lusum
1623 759 1692 785 re-

285 806 531 851 missionem3
563 806 665 840 utin
696 805 957 841 doctrinarum
988 806 1116 841 studio
1147 817 1218 841 non
1245 806 1468 841 adstrictum
1499 816 1542 841 se
1568 805 1693 841 teneri

286 866 496 908 pateretur,
527 861 677 897 solutus
709 865 942 909 vagaretur,
975 871 1020 896 ac
1051 866 1127 897 tam
1160 862 1346 897 discendo
1377 862 1547 906 luderet,
1580 871 1693 907 quam

283 918 450 954 ludendo
481 918 670 953 disceret:
705 920 767 961 et,
799 918 897 962 quod
931 918 977 953 de
1009 927 1129 963 puero
1161 919 1262 963 Cyro
1292 918 1330 953 in
1362 928 1404 954 re
1435 917 1537 953 haud
1568 916 1692 952 dissi-

287 975 365 1009 mili
395 974 448 1009 ait
469 974 702 1019 Xenophon,
725 969 784 1019 **)
817 968 865 1010 τὸ
896 970 1164 1017 σκυλακῶδες
1193 971 1266 1010 καὶ
1297 968 1345 1009 τὸ
1377 974 1480 1010 πᾶσι
1510 971 1692 1022 προσπί-

284 1042 425 1074 πτειν,
465 1030 676 1064 catulorum
708 1029 832 1063 instar
864 1030 903 1064 in
935 1029 1062 1064 omnia
1101 1029 1295 1077 involare,
1340 1029 1395 1063 ita
1425 1028 1509 1073 ille,
1552 1029 1587 1063 si
1617 1038 1692 1073 quo

287 1086 452 1129 veniret,
483 1085 614 1120 statim
645 1085 764 1119 libros
796 1085 1044 1127 odorabatur,
1074 1083 1113 1118 in
1145 1094 1280 1118 manus
1311 1084 1501 1128 sumebat,
1532 1083 1694 1128 pervol-

286 1141 420 1183 vebat,
463 1150 581 1185 saepe
620 1150 641 1174 e
682 1139 852 1185 vestigio
892 1139 1130 1186 perlegebat.
1191 1138 1363 1180 Quatuor
1402 1139 1556 1174 ultimos
1587 1139 1693 1174 vitae

283 1207 407 1231 annos
426 1196 510 1241 ipse
527 1195 680 1240 publice
699 1195 850 1230 docuit:
875 1199 954 1230 tres
974 1195 1266 1239 Amstelodami‚
1285 1195 1513 1230 Matheseos
1533 1195 1695 1230 Lector:

285 1262 401 1287 unum
435 1251 870 1298 Lugdunibatavorum,
912 1251 1100 1298 Physices
1143 1253 1181 1285 et
1210 1251 1490 1286 Mathematum
1530 1251 1694 1285 Profes-

285 1318 361 1343 sor.
419 1307 525 1343 Obiit
545 1307 720 1351 proximo
742 1310 829 1351 post
849 1307 1141 1342 Schultensium
1162 1316 1277 1353 anno,
1308 1306 1449 1341 aetatis
1470 1305 1694 1353 trigesimo:

288 1364 379 1399 huic
411 1362 674 1409 Academiae,
715 1365 753 1397 et
785 1362 863 1408 ipsi
892 1362 1064 1409 patriae,
1105 1362 1230 1409 magis
1257 1364 1438 1398 ostensus
1461 1357 1541 1408 ***)
1580 1371 1694 1407 quam

289 1419 416 1454 datuS.

400 1474 496 1509 Cum
526 1477 689 1520 utroque
721 1474 978 1511 Ruhnkenins
1016 1473 1284 1510 consentiebat
1315 1473 1353 1508 in
1384 1472 1531 1509 iudicio
1573 1473 1621 1508 de
1650 1481 1693 1507 re

287 1530 464 1577 publica,
501 1534 540 1567 et
569 1531 609 1566 in
640 1541 826 1567 sensuum
858 1531 1137 1576 similitudine,
1179 1541 1265 1565 cum
1298 1533 1460 1575 utroque
1492 1527 1696 1564 familiaris

286 1591 321 1622 et
355 1597 478 1632 paene
501 1587 726 1631 quotidiana
764 1588 1002 1622 consuetudo
1043 1588 1078 1622 ei
1118 1586 1398 1622 intercedebat.
1458 1586 1541 1628 Quo
1580 1593 1697 1619 acer-

286 1643 370 1678 bior
411 1643 446 1678 ei
485 1643 629 1678 accidit
667 1653 715 1678 ex
755 1643 957 1688 utriusque
987 1645 1110 1677 morte
1150 1642 1271 1678 dolor.
1331 1641 1498 1686 Scripsit
1536 1640 1586 1675 ad
1623 1649 1697 1684 me,

286 1702 445 1734 recente
487 1709 603 1744 casu,
656 1699 719 1734 die
759 1697 823 1736 25.
865 1698 1101 1735 Novembris
1146 1696 1269 1734 1794.
1338 1695 1696 1744 „Nieuwlandium

287 1765 435 1802 „unum
476 1764 524 1788 ex
563 1754 694 1789 multis
727 1755 973 1806 delegeram,
1012 1756 1050 1789 in
1093 1753 1205 1789 cuius
1243 1753 1441 1788 suavitate
1479 1756 1517 1788 et
1555 1760 1698 1797 amore,

287 1812 399 1856 „post
429 1815 603 1854 ereptum
636 1810 745 1845 nobis
762 1810 1069 1854 Schultensium,
1101 1809 1432 1853 conquiescerem.
1492 1809 1575 1850 Quo
1600 1816 1698 1853 gra-

287 1865 403 1912 „vius
443 1868 510 1900 est,
541 1865 704 1911 vulnus,
758 1865 857 1909 quod
905 1864 999 1900 mini
1041 1874 1143 1899 mors
1181 1863 1266 1899 eius
1306 1863 1501 1907 imposuit.
1573 1863 1699 1898 Recte

286 1921 415 1972 „lianc
444 1921 632 1955 iacturam
663 1920 955 1965 irreparabilem
987 1919 1152 1955 vocaS.“
1210 1920 1296 1954 Hoc
1331 1919 1455 1953 obiter
1486 1917 1697 1954 scribebat.

288 1977 385 2012 Nam
417 1975 608 2021 epistolae
638 1978 906 2022 argumentum
939 1978 1021 2010 erat
1054 1975 1100 2009 de
1130 1974 1371 2019 praefatione
1411 1983 1495 2008 mea
1524 1973 1573 2007 ad
1604 1972 1701 2008 Plu-

197 2032 477 2069 212tarcnum.
537 2033 650 2066 Hunc
681 2034 800 2066 totum
832 2031 906 2067 mei
938 2040 1079 2066 caussa
1118 2039 1162 2065 ,se
1192 2029 1319 2064 denuo
1348 2029 1561 2075 lecturum,
1604 2027 1698 2063 mihi

285 2090 507 2133 receperat,
536 2089 579 2121 ut
609 2086 900 2122 emendationes
930 2086 1006 2121 sibi
1036 2086 1138 2121 inter
1167 2085 1375 2131 legendum
1408 2088 1519 2120 natas
1549 2079 1699 2119 meouin

286 2143 609 2187 communicaret,
651 2151 724 2187 quo
762 2152 847 2177 mea
885 2141 1003 2177 editio
1044 2139 1184 2176 cultior
1222 2141 1463 2177 redderetur.
1521 2140 1700 2176 Verebar

288 2203 330 2235 ut
360 2200 435 2235 hoc
465 2197 613 2243 aliquid
642 2198 765 2244 fieret,
794 2198 933 2233 videns
963 2207 1049 2232 eum
1083 2196 1255 2242 quotidie
1278 2198 1326 2232 ad
1356 2207 1427 2231 sua
1458 2197 1583 2242 ipsum
1610 2205 1698 2230 ma-

286 2255 352 2303 gis
381 2254 583 2290 retardari.
641 2253 727 2289 Nec
756 2264 881 2289 vanus
918 2253 994 2289 fuit
1023 2256 1160 2289 metus.
1218 2252 1327 2288 Dixit
1356 2261 1466 2297 mox,
1509 2251 1624 2286 malle
1654 2259 1698 2285 se

291 2384 323 2422 ·)
349 2385 482 2416 Similis
506 2385 567 2415 ille
593 2386 626 2415 in
652 2387 718 2416 hac
745 2394 783 2416 re
807 2386 1074 2419 Themistoclis,
1099 2387 1156 2424 qni
1181 2385 1367 2424 pollicenti
1391 2383 1549 2420 cuidam,
1574 2390 1614 2413 se
1638 2391 1699 2414 ar-

336 2434 406 2460 tem
442 2431 476 2461 ei
508 2432 701 2461 memoriae
738 2431 973 2466 traditurum,
1015 2430 1245 2469 respondisse
1280 2429 1430 2467 dicitnr,
1464 2427 1628 2458 oblivisci
1661 2435 1698 2457 se

335 2475 443 2505 malle
467 2475 618 2505 discere.
666 2475 719 2506 Cf.
746 2475 821 2506 Cic.
848 2476 954 2506 Acad.
982 2475 1025 2515 ll,
1051 2475 1082 2505 1.
1107 2475 1150 2505 de
1177 2474 1273 2505 Orat.
1302 2473 1343 2512 ll,
1367 2473 1428 2512 74,
1453 2472 1530 2502 299.
1555 2472 1598 2502 de
1620 2471 1697 2502 Fin.

334 2520 377 2558 Π,
400 2520 455 2559 32,
482 2518 558 2550 104.
585 2519 658 2550 [ΡΒ.

288 2590 334 2626 ’Ἴ
361 2586 606 2626 Cyropaediae
631 2586 659 2625 1,
683 2584 715 2624 4,
739 2586 771 2617 4.

289 2654 346 2692 ···)
374 2655 501 2693 Virgil-
526 2655 616 2684 Aen.
644 2655 703 2692 Vl,
726 2652 802 2684 870.

493 2719 691 2752 Ostendent
713 2721 825 2751 terris
849 2720 944 2751 hunc
968 2720 1111 2751 tantum
1133 2716 1220 2758 fata
1246 2725 1357 2758 neque
1383 2716 1486 2747 ultra

492 2764 582 2796 Esse
603 2765 731 2796 sinent.
780 2765 852 2795 FB.
