1833 3237
894 151 1162 190 „83-

330 266 563 312 Aeschines,
595 263 844 312 Aristoteles,
873 263 1164 310 'rheoptn-asus.
1203 264 1256 299 At
1286 265 1349 301 hic
1378 266 1472 303 ordo
1502 265 1576 302 iam
1607 266 1730 313 illum,

332 325 373 360 ut
411 322 597 359 credibile
635 323 716 369 est,
755 320 793 355 in
832 321 984 357 modum
1026 321 1073 355 ab
1114 319 1378 366 Aristophane
1417 326 1455 358 et
1496 322 1729 360 Aristarcho

330 379 586 424 constitutus,
635 388 658 411 a
687 376 854 422 posteris
885 378 998 413 etiam
1030 376 1194 412 aliorum
1238 377 1456 414 nominibus
1487 379 1729 425 Scriptorum

329 438 486 479 auctus,
526 433 581 468 ita
610 432 650 468 in
681 432 907 469 Oratoribus
947 432 1212 468 auctoritatem
1252 433 1430 478 obtinuit,
1473 437 1516 470 ut
1545 445 1620 471 non
1651 435 1728 471 nisi

329 491 461 526 decem
490 488 549 524 illi
579 488 813 525 haberentur
840 490 1010 535 classici,
1041 489 1192 535 reliqui,
1224 492 1261 524 et
1292 489 1476 525 Oratores
1507 494 1546 526 et
1575 492 1728 528 omnino

328 545 559 591 scriptores,
588 545 628 580 in
657 545 766 581 illum
796 546 968 582 ordinem
1001 555 1073 581 non
1106 546 1280 589 assumti,
1323 546 1509 592 paulatim
1538 547 1656 594 vulgo
1687 548 1727 583 in

327 601 558 637 oblivionem
588 601 752 648 abirent,
783 612 855 638 nec
877 602 953 638 nisi
982 601 1233 638 eruditiorum
1257 602 1602 638 Grammaticorum
1623 603 1728 639 Rhe-

327 664 527 703 torumque
557 658 780 706 cognitione
811 658 1029 703 studiisque
1059 657 1338 705 retinerentur,
1370 668 1482 694 suum
1513 658 1589 694 sibi
1618 658 1728 695 iudi-

327 715 427 750 cium
468 714 734 766 sequentium,
778 716 816 750 et
847 724 921 750 non
952 713 1078 749 minus
1109 715 1155 749 ab
1197 714 1372 750 exclusis
1403 724 1516 760 quam
1547 714 1728 750 classicis

324 770 501 816 exempla
534 771 786 806 sumentium:
817 780 976 815 quorum
1009 780 1030 805 e
1053 780 1212 806 numero
1239 766 1310 808 fuit
1331 771 1512 817 Gorgias.
1573 771 1729 807 omisso

326 826 581 873 Antiphonte,
612 826 660 862 de
690 836 765 872 quo
795 829 910 862 antea
929 826 986 874 (a.
1017 824 1160 873 1765.)
1192 826 1345 862 doctum
1374 827 1555 863 iuvenem
1572 828 1728 864 Petrum

325 893 401 918 van
431 885 574 928 Spaan,
604 883 708 918 edita
735 882 929 930 singulari
959 881 1247 926 dissertatione,
1276 879 1316 929 *)
1347 882 1608 929 disputantem
1638 883 1727 930 ipse
1761 903 1764 912 ι

325 949 484 985 praeses
506 938 762 986 produxerat:
794 938 936 974 omisso
956 938 1078 986 igitur
1101 937 1348 987 Antiplionte,
1379 940 1596 985 Oratorum,
1626 950 1728 985 quo-

286 990 289 1002 '
324 1006 407 1030 rum
439 995 587 1041 scripta
616 995 654 1031 in
684 995 753 1031 illa
782 995 954 1031 Historia
983 994 1199 1040 recensuit,
1229 998 1321 1030 sunt
1349 995 1396 1030 ad
1429 996 1727 1043 quinquaginta,

324 1051 472 1098 singuli
513 1060 583 1097 per
619 1050 800 1096 singulas
841 1050 1147 1096 disputationes,
1179 1050 1356 1095 quamvis
1399 1051 1560 1096 breves,
1600 1056 1728 1086 tamen

322 1106 407 1142 suis
447 1106 619 1143 numeris
658 1107 878 1153 absolutas,
919 1105 1117 1151 descripti.
1173 1107 1317 1142 Harum
1357 1116 1469 1142 unam
1502 1106 1729 1143 nominasse

321 1162 419 1198 satis
447 1163 513 1207 sit,
543 1172 626 1198 eam
656 1162 704 1198 de
725 1162 928 1199 Andocide
958 1166 996 1198 et
1026 1162 1216 1209 Phaeace,
1244 1163 1282 1198 in
1305 1173 1378 1208 qua
1408 1163 1630 1208 disputatur
1658 1163 1728 1198 ad-

321 1229 462 1255 versus
502 1220 561 1255 10.
611 1219 832 1263 Taylorum.
920 1219 994 1254 Hic
1036 1218 1231 1254 Andocidi
1271 1218 1493 1255 Orationem
1534 1219 1728 1255 adversus

320 1274 568 1311 Alcibiadem
615 1274 865 1320 abiudicare,
907 1274 1155 1320 Phaeacique
1195 1274 1416 1311 adiudicare
1455 1278 1618 1312 conatus
1648 1278 1732 1311 erat

320 1331 439 1366 tantis
478 1330 629 1379 ingenii
667 1331 943 1376 doctrinaeque
974 1330 1157 1366 adhibitis
1198 1331 1424 1377 praesidiis,
1459 1335 1502 1367 ut
1531 1331 1729 1368 sententi-

319 1398 379 1422 am
409 1387 704 1423 Hemsterbusio
737 1388 933 1433 probaret:
975 1386 1234 1424 Ruhnkenius
1272 1398 1346 1423 non
1378 1388 1525 1424 minore
1569 1388 1730 1436 ingenio

319 1443 591 1489 doctrinaque,
636 1443 783 1479 maiore
821 1444 937 1479 etiam
978 1444 1156 1479 acumine
1195 1446 1233 1478 et
1272 1444 1502 1488 subtilitate,
1552 1445 1728 1480 rationes

317 1500 476 1544 'raylori
523 1498 762 1548 confutavit,
807 1503 846 1536 ut
885 1499 1162 1535 assentientem
1205 1500 1368 1535 haberet
1408 1500 1728 1547 Valckenarium,

227 1552 306 1589 147
322 1559 359 1591 et
390 1556 592 1592 habiturus
612 1556 727 1591 etiam
759 1556 902 1592 suisset
928 1555 1279 1605 Hemsterhusium,
1310 1556 1344 1591 si
1375 1556 1409 1592 is
1440 1556 1570 1592 adhuc
1600 1556 1731 1593 vixis-

319 1614 393 1647 set.
450 1614 559 1659 Ergo
600 1615 636 1647 et
666 1612 704 1647 in
737 1613 808 1648 hoc
839 1611 1098 1649 Ruhnkenius
1130 1612 1314 1658 princeps
1345 1613 1497 1648 exstitit
1527 1612 1730 1649 doctrina-

318 1678 399 1704 rum
430 1678 598 1715 genere,
639 1668 740 1713 quod
770 1679 887 1704 unum
921 1670 982 1703 est
1010 1668 1058 1703 ad
1090 1668 1242 1714 ingenii
1284 1670 1451 1705 fructum
1485 1671 1523 1706 et
1554 1669 1730 1718 cogniti-

317 1724 400 1758 onis
430 1724 662 1759 suavitatem
691 1725 949 1760 uberrimum:
981 1724 1205 1760 Historiam
1236 1725 1463 1761 Lilerarum
1494 1726 1596 1771 dico,
1628 1735 1728 1772 quae

315 1780 353 1815 in
383 1780 499 1815 rebus
538 1782 577 1814 et
607 1779 716 1814 libris
746 1781 937 1815 Veterum
971 1780 1212 1826 Scriptorum
1254 1781 1507 1816 recensendis
1539 1786 1729 1817 versatur.

314 1837 359 1871 In
391 1836 490 1871 hanc
528 1845 642 1880 quum
671 1836 718 1871 ab
750 1835 851 1870 omni
884 1839 1058 1881 tempore
1091 1835 1202 1871 multi
1232 1835 1494 1873 involaverint
1536 1837 1728 1883 compila-

316 1895 439 1937 tores,
483 1891 660 1937 quinon
702 1891 924 1927 dubitarent
968 1891 1016 1927 de
1048 1891 1313 1937 scriptoribus
1344 1894 1520 1941 garrire,
1563 1904 1724 1940 quorum

314 1948 461 1993 scripta
491 1957 565 1982 non
595 1947 809 1994 legisscnt3
841 1947 1071 1993 paucissimi
1104 1949 1277 1993 suerunt,
1311 1949 1373 1994 qui
1398 1960 1480 1985 eam
1511 1960 1597 1986 cum
1628 1960 1726 1996 pro-

316 2004 421 2049 priae
453 2003 651 2039 doctrinae
682 2004 805 2050 copiis
836 2007 874 2039 et
906 2004 1091 2039 facultate
1124 2007 1352 2043 tractarent.
1398 2007 1564 2049 Quorum
1597 2016 1618 2041 e
1649 2016 1726 2042 nu-

317 2071 421 2096 mero
451 2059 646 2106 principes
681 2059 867 2095 censendi
899 2063 990 2094 sunt
1010 2063 1188 2105 quatuor.
1249 2061 1362 2105 Nam,
1393 2064 1436 2098 ut
1464 2063 1517 2098 10.
1547 2062 1725 2099 Meursi-

317 2127 363 2150 us
402 2116 551 2162 priores
583 2126 714 2152 omnes
757 2116 986 2163 diligentiae
1018 2115 1135 2151 laude
1178 2117 1392 2166 superavit,
1432 2118 1485 2154 ita
1515 2128 1603 2154 mox
1640 2118 1726 2164 plus

317 2172 513 2217 aliquanto
544 2172 678 2207 iudicii
709 2173 840 2208 attulit
871 2173 915 2208 G.
945 2173 999 2209 Io.
1035 2172 1227 2207 Vossius:
1259 2173 1344 2218 plus
1376 2174 1490 2210 etiam
1521 2174 1727 2211 Io.Ionsi-

317 2239 376 2273 us,
408 2238 541 2263 omnes
560 2230 597 2263 et
620 2227 786 2264 maiores
820 2232 858 2263 et
888 2228 1059 2263 minores
1091 2231 1359 2275 superaturus,
1389 2229 1424 2265 si
1454 2231 1536 2266 vita
1568 2230 1603 2265 ei
1636 2231 1725 2265 lon-

317 2284 405 2330 gior
435 2283 664 2331 obtigisset:
704 2285 872 2330 denique
903 2285 1058 2321 illorum
1089 2285 1221 2331 copias
1251 2285 1333 2321 suis
1364 2286 1490 2331 auxit,
1530 2288 1726 2332 totamque

316 2339 510 2375 materiam
543 2339 741 2387 explicuit,
778 2341 924 2385 duplici
955 2342 993 2377 in
1029 2341 1162 2388 primis
1193 2351 1308 2386 opere
1338 2341 1605 2378 Bibliothecae
1638 2353 1724 2378 cum

314 2397 488 2432 Graecae
525 2399 602 2431 tum
643 2397 830 2441 Latinae,
884 2397 915 2434 Ι.
958 2395 1009 2434 A.
1051 2397 1278 2444 Fabricius,
1328 2408 1451 2444 eoque
1488 2408 1584 2434 sane
1623 2409 1723 2434 unus

314 2451 481 2487 omnium
511 2452 583 2488 hoc
612 2454 768 2489 saeculo
799 2453 999 2489 doctorum
1032 2454 1225 2490 hominum
1256 2454 1304 2490 de
1334 2455 1468 2491 harum
1507 2454 1723 2491 Literarum

315 2509 562 2544 incrementis
593 2509 810 2556 studiisque
848 2510 993 2556 optime
1032 2510 1276 2556 maximeque
1316 2511 1485 2549 meritus.
1547 2511 1618 2546 His
1648 2511 1721 2547 iam

356 2602 383 2604 ms
390 2597 433 2605 4„-
442 2603 446 2604 ⁷

312 2651 340 2687 ‘J
367 2650 650 2688 Disputatio-iem
702 2661 862 2684 recusam
895 2653 1027 2685 adiecit
1063 2655 1229 2686 Reiskius
1261 2654 1407 2685 editioni
1442 2654 1632 2686 Oratornm
1660 2657 1724 2686 At-

356 2697 508 2726 ticorum
534 2696 612 2727 Vol
642 2698 717 2728 Vll.
744 2708 775 2737 p.
798 2699 873 2730 ’79-5.
910 2700 1078 2740 [Leuitur
1103 2700 1221 2730 eadem
1250 2700 1283 2730 in
1310 2699 1439 2739 Opusc.
1467 2700 1606 2731 Ruhnk.
1632 2700 1672 2731 T.
1697 2700 1723 2730 1.

354 2748 432 2780 pag
461 2739 540 2771 142
566 2748 660 2781 seqq
696 2744 751 2773 cd.
777 2745 848 2775 Bab.
892 2744 985 2780 FR]
