1816 3233
657 193 960 234 -127—

106 311 326 345 contextum
351 308 612 344 Oxoniensem
642 309 790 356 legere,
819 308 918 353 quod
950 306 1042 343 huic
1069 318 1177 343 meae
1207 306 1511 350 emendationes,

107 375 203 410 quas
241 364 407 400 nondum
445 365 631 411 vidisset,
679 364 880 399 subiectae
918 368 1061 401 essent.
1132 365 1215 399 Hoc
1253 363 1376 411 edito,
1426 364 1512 399 eius

108 420 326 466 exemplum
365 420 401 455 ei
448 420 549 455 dedi.
613 420 782 468 „Maius
821 423 881 455 est
919 420 1053 464 opus‘·
1092 419 1218 465 inquit
1256 430 1404 466 „quam
1444 429 1513 465 pro

107 475 258 524 „animi
287 476 361 511 mei
391 473 639 512 remissione:
678 476 806 523 legam
837 475 1102 521 praefationes
1133 478 1171 510 et
1201 475 1513 511 animadversio-
1541 494 1544 498 ι

107 541 206 576 „nes
236 536 324 567 tuas
354 532 541 578 scriptas,
570 534 773 577 antequam
806 531 1056 567 excudendas
1086 531 1389 579 chalcographis
1420 531 1514 566 mit-

109 588 245 634 „tas.“
306 588 403 623 Tum
441 587 722 633 praefationem
760 587 799 623 in
840 587 1018 622 manibus
1051 588 1236 630 habebat,
1282 598 1393 633 quam
1426 596 1514 623 cum

108 643 258 688 reliqua
276 646 483 678 contextus
520 646 628 688 parte
651 643 840 680 Oxonium
869 643 1133 678 transmittere
1163 644 1409 688 festinabam,
1440 654 1515 677 an-

109 703 259 743 tequam
301 698 393 734 belli
432 699 584 734 flamma
625 710 754 735 muros
794 702 948 734 nostros
991 695 1235 746 attingeret}
1285 699 1515 734 victricibus

107 756 344 790 Francorum
385 755 502 789 armis
541 756 667 802 magis
705 755 909 802 magisque
947 754 1360 800 appropinquantibuS.
1421 757 1516 790 Erat

109 811 201 855 hoc,
232 811 266 845 si
296 810 397 855 quod
428 821 627 857 umquam,
658 812 866 848 sollicitum
899 814 1052 855 tempus
1082 813 1121 845 et
1150 811 1357 856 acerbum3
1399 810 1518 845 dubia

107 866 355 911 impendente
386 867 552 911 fortuna,
581 867 632 901 -ad
663 867 856 912 publicam
888 866 981 901 belli
1013 865 1273 903 calamitatem
1304 867 1515 902 accedente

108 922 216 956 luctu
247 924 285 956 et
313 921 475 968 ingente
504 921 654 956 iactura
684 932 732 957 ex
763 921 870 957 obitu
902 922 1183 958 Nieuwlandii.

217 976 362 1012 Incidit
387 986 475 1012 mox
505 977 576 1012 sub
607 977 757 1013 initium
789 978 879 1012 anni
897 975 1065 1024 (1795.)
1097 977 1219 1012 altera
1249 976 1305 1012 rei
1336 976 1517 1022 publicae

107 1032 334 1075 conversio,
373 1033 564 1078 superiori
594 1034 650 1068 illi
679 1028 989 1083 ἀντίστροφος,
1021 1033 1185 1077 eiusque
1215 1032 1341 1068 vicem
1372 1042 1517 1077 repen-

108 1089 228 1139 dens,
265 1088 498 1124 Ruhnkenio
529 1091 682 1135 optata,
726 1099 796 1124 non
828 1089 918 1124 item
952 1090 1095 1124 efficax
1132 1088 1178 1122 ad
1219 1088 1421 1133 pristinam
1454 1088 1517 1122 vel

66 1146 69 1148 ’
108 1143 148 1179 in
167 1143 312 1179 Literis
342 1144 582 1180 alacritatem
613 1144 702 1190 ipsi,
735 1145 795 1180 vel
816 1144 1094 1189 discipulorum
1120 1144 1376 1189 frequentiam
1397 1144 1517 1179 scho-

107 1199 158 1234 lis
188 1199 288 1249 eius,
317 1200 604 1236 restituendam.
666 1200 827 1236 Civibus
847 1200 1016 1245 singulis
1037 1204 1074 1235 et
1102 1200 1298 1234 universis
1329 1200 1373 1234 ad
1408 1209 1516 1234 com—
1535 1200 1616 1235 213

107 1264 260 1289 munem
290 1254 505 1290 libertatem
536 1255 743 1302 tuendam⁷
774 1262 812 1290 et
844 1255 994 1302 patriae
1025 1266 1156 1290 curam
1186 1255 1412 1305 gerendam,
1444 1265 1518 1290 vo-

109 1310 231 1354 catis3
270 1320 413 1358 magna
443 1311 659 1346 iuventutis
691 1311 953 1346 Academicae
985 1321 1073 1355 pars
1104 1321 1213 1345 suam
1255 1320 1406 1355 quoque
1439 1320 1517 1345 rem

109 1366 176 1413 agi
204 1368 368 1412 putans,
409 1367 594 1412 excitari,
633 1366 843 1413 inglorium
873 1366 948 1403 sibi
987 1366 1182 1402 literatum
1213 1366 1331 1402 otium
1364 1366 1518 1408 ducere,

109 1421 224 1457 malle
248 1432 330 1457 rem
353 1422 545 1467 publicam
577 1426 745 1457 tractare
767 1433 879 1468 quam
911 1422 1058 1467 scholis
1078 1433 1234 1468 vacare,
1266 1431 1386 1468 agere
1405 1431 1517 1467 quam

108 1477 273 1514 discere.
336 1478 537 1523 Principes
575 1479 806 1514 auctoritate
847 1478 943 1523 viri,
990 1478 1057 1523 qui
1096 1479 1180 1513 fere
1222 1477 1401 1523 discipuli
1433 1478 1519 1513 eins

108 1533 286 1579 fuerant,
329 1542 440 1580 eum,
479 1537 522 1569 ut
551 1535 802 1581 magistrum,
846 1544 1080 1579 suarumque
1120 1534 1284 1579 partium
1316 1535 1520 1576 fautorem,

109 1591 296 1633 amantes,
327 1590 552 1634 frequentes
574 1591 621 1625 ad
652 1600 737 1625 euin
771 1590 1026 1634 ventitabant,
1057 1590 1220 1625 consilia
1241 1599 1518 1634 sermonesque

109 1644 315 1680 collatum:
356 1646 597 1681 ventitabant
638 1646 771 1681 etalii
803 1646 913 1681 multi
953 1656 975 1679 a
1005 1645 1150 1681 Literis
1189 1645 1237 1680 ad
1268 1655 1345 1680 rem
1386 1644 1519 1689 publi-

109 1710 191 1735 cam
223 1703 491 1743 transeuntes,
534 1701 696 1746 eiusque
736 1702 903 1746 aliquam
945 1704 1090 1746 partem
1130 1701 1192 1736 vel
1231 1704 1416 1749 gerentes
1455 1701 1518 1735 vel

106 1765 250 1804 gerere
280 1756 495 1801 cupientes,
554 1757 740 1792 Omnibus
771 1766 924 1802 semper
953 1757 1113 1792 lenioris
1144 1757 1219 1791 suit
1256 1760 1390 1791 auctor
1420 1767 1517 1791 sen-

108 1812 266 1857 tentiae,
296 1812 605 1857 clementiaeque
626 1822 721 1859 erga
752 1815 966 1858 prostratas
993 1812 1243 1856 iacentesque
1269 1811 1519 1847 adversarias

108 1871 258 1913 partes:
290 1868 468 1903 omnibus
497 1868 572 1903 fuit
603 1878 755 1913 suasor,
784 1871 840 1917 ut,
867 1868 966 1913 quod
997 1867 1036 1902 in
1070 1867 1274 1913 proverbio
1293 1864 1332 1914 *)
1364 1867 1519 1913 dicitur,

108 1933 220 1968 quam
252 1923 340 1968 quis
367 1927 488 1959 artem
520 1927 675 1967 nosset,
709 1928 918 1968 tractaret,
955 1933 1096 1970 regere
1126 1923 1273 1958 sineret
1303 1933 1391 1969 eos,
1422 1933 1519 1968 quos

108 1978 254 2014 virtute
283 1982 322 2013 et
351 1980 460 2014 civili
489 1978 694 2023 prudentia
725 1979 918 2014 excellere
942 1981 1150 2013 constaret.
1211 1979 1405 2029 Profecto,
1433 1989 1519 2014 cum

109 2034 156 2069 ad
197 2034 274 2069 alia
312 2034 486 2069 civitatis
515 2034 736 2078 commoda,
777 2039 858 2069 tum
896 2034 942 2068 ad
973 2033 1214 2069 Academiae
1254 2035 1384 2070 florem
1425 2034 1520 2069 utile

111 2089 269 2134 fuisset,
300 2090 335 2124 si
364 2093 403 2124 et
431 2090 471 2125 hi
502 2090 566 2135 qui
597 2099 659 2124 res
689 2090 893 2137 gerebant,
925 2092 963 2124 et
993 2090 1051 2125 illi
1083 2099 1241 2135 quorum
1272 2100 1336 2125 res
1367 2091 1519 2137 ageba-

110 2148 185 2194 tur,
212 2154 297 2180 eum
328 2148 397 2180 aut
425 2146 552 2193 magis
583 2146 887 2189 consuluissent,
917 2148 984 2180 aut
1002 2146 1219 2181 consultum
1251 2145 1378 2191 magis
1401 2145 1520 2180 audi-

110 2200 272 2235 vissent.
330 2201 465 2245 Nunc,
508 2211 623 2246 quum
661 2202 727 2236 ille
767 2202 943 2236 omnibus
984 2202 1022 2236 in
1053 2203 1170 2237 rebus
1199 2201 1391 2236 mitiorem
1423 2211 1521 2246 pru—

110 2255 401 2302 dentioremque
439 2258 627 2293 rationem
668 2260 921 2302 sequeretur3
970 2256 1055 2301 isti,
1100 2255 1166 2301 qui
1206 2257 1303 2291 dura
1342 2256 1520 2292 calidave

109 2311 314 2358 agitabant
344 2312 523 2362 consilia,
564 2313 610 2347 ad
642 2312 768 2357 ipsum
801 2322 874 2347 non
906 2312 1152 2357 referebant,
1184 2313 1303 2357 probe
1334 2313 1520 2359 scientes,

110 2377 154 2402 se
184 2377 269 2403 eum
302 2369 339 2402 et
369 2368 631 2404 dissuasorem
664 2373 700 2403 et
733 2369 1051 2413 reprehensorem
1083 2368 1292 2404 habituros.

220 2423 292 2458 Illo
315 2426 390 2458 tam
417 2424 604 2459 distracto
626 2424 852 2471 agitatoque
876 2426 1059 2469 tempore,
1086 2425 1183 2459 satis
1216 2424 1380 2459 habebat
1405 2425 1516 2461 ordi-
1538 2420 1620 2457 214

109 2479 256 2514 nariam
297 2489 449 2524 operam
488 2479 634 2516 scholis
678 2479 866 2514 habendis
906 2480 1099 2525 tribuere;
1144 2491 1229 2515 nam
1270 2480 1520 2525 peculiariter

109 2534 328 2570 recolendis
357 2535 524 2582 studiis,
564 2536 824 2581 operibusque
855 2535 1016 2571 editioni
1048 2536 1252 2571 destinatis
1283 2536 1519 2588 repetendis,

108 2675 139 2712 ³)
163 2675 291 2709 Cicero
316 2679 421 2710 Tusc.
447 2680 472 2717 l,
496 2678 548 2710 18.
598 2680 694 2711 Bene
720 2680 814 2710 enim
837 2679 903 2710 illo
926 2678 1125 2719 proverbio
1151 2679 1381 2712 Graecorum
1405 2689 1519 2721 prae-

155 2722 319 2760 cipitur:
346 2724 484 2762 Quam
505 2725 701 2766 quisque
722 2725 852 2754 norit
875 2724 1032 2762 artem,
1058 2725 1105 2754 in
1122 2724 1204 2755 hac
1219 2733 1263 2755 se
1282 2725 1517 2757 emerceat.

154 2765 203 2796 Ad
230 2775 330 2807 quem
349 2768 460 2800 locum
481 2769 504 2799 1.
540 2770 707 2801 Davisius
727 2768 946 2801 Graecorum
964 2769 1066 2800 locos
1083 2770 1303 2808 Scriptorum
1320 2771 1517 2802 annotavit.
