1816 3233
842 167 1146 207 —120—

290 296 351 323 me
379 285 430 322 ad
459 294 521 321 me
550 281 730 326 scripsit:
771 283 843 329 „In
874 282 1047 325 Timaeo,
1077 290 1189 326 quem
1230 281 1284 316 ita
1314 280 1620 328 emendavimus,
1663 285 1705 317 ut

290 353 368 391 „ne
405 350 517 376 serae
561 337 713 383 quidem
750 338 992 383 posteritatis
1032 337 1216 372 iudicium
1255 337 1511 373 extimescere
1553 337 1707 381 debeat,

293 396 501 444 „singulae
531 394 700 440 paginae
730 393 874 439 aliquid
896 395 984 428 novi
1016 393 1205 428 habent:“
1238 396 1276 427 et
1306 402 1381 440 ego
1399 393 1437 428 in
1463 393 1706 438 praefatione

292 453 339 488 ad
371 449 728 486 animadversiones
750 449 1017 494 Plutarcheas,
1048 448 1184 494 paucis
1205 450 1296 483 ante
1326 448 1411 483 eius
1433 448 1574 484 obitum
1591 458 1705 484 men-

292 509 401 543 sibus
431 505 611 551 scriptas,
650 505 863 556 Timaeum,
903 508 944 541 ut
973 504 1128 540 unicum
1160 514 1183 539 a
1212 503 1360 539 renatis
1390 503 1534 539 Literis
1564 514 1704 540 exem-

294 563 395 608 plum
426 560 555 605 operis
581 561 759 607 perfecti,
791 564 841 606 et,
873 561 998 606 quoad
1017 560 1103 595 eius
1125 560 1165 595 in
1192 561 1266 596 hoc
1291 569 1439 607 genere
1460 559 1544 595 fieri
1565 562 1706 607 potest,

292 616 591 666 absolutissimi,
621 616 780 651 laudare
810 626 885 651 non
915 616 1103 652 dubitavi.

406 673 587 718 Elogium
617 672 1004 708 Hemsterhusianum
1035 671 1269 718 castigatius
1298 670 1455 717 prodiit,
1492 671 1706 717 compluri-

293 731 364 764 bus
394 728 494 764 locis
524 728 570 763 ad
603 728 900 774 proprietatem,
938 727 1270 773 perspicuitatem,
1311 726 1605 773 efficaciamque
1642 727 1706 763 di-

292 783 433 820 ctionis
463 783 704 820 reformatis:
738 783 837 828 quod
871 783 937 818 vix
976 783 1062 818 fieri
1096 783 1272 828 potuisse
1310 781 1489 817 videatur
1526 782 1565 818 in
1597 783 1708 826 libro,

252 869 254 872 .
292 840 357 885 qui
386 840 461 874 iam
493 849 514 874 e
545 839 666 884 prima
684 839 856 874 editione
886 842 963 874 tam
995 839 1124 874 cultus
1147 838 1366 884 politusque
1389 837 1568 875 exiisset.
1627 837 1705 874 Sed

293 896 471 930 nimirum
502 895 667 941 triginta
696 904 883 929 annorum
914 894 1158 929 intervallum
1199 896 1243 929 et
1276 893 1462 929 orationis
1501 894 1706 929 scientiam

290 952 466 995 auxerat,
498 953 536 985 et
566 950 691 985 limam
722 953 891 985 acuerat.
948 950 1141 985 Adiectae
1162 952 1254 985 sunt
1281 949 1382 984 duae
1401 952 1517 984 antea
1537 950 1707 985 ineditae

292 1006 479 1051 epistolae
510 1006 678 1041 Bentleii
709 1006 755 1040 ad
788 1006 1135 1049 Hemsterhusium,
1167 1004 1376 1050 palmariae
1397 1005 1445 1039 ad
1477 1005 1708 1040 emendandi

291 1060 487 1096 solertiam
518 1061 556 1095 in
588 1060 831 1096 Comicorum
863 1061 1097 1107 fragmentis
1128 1070 1151 1094 a
1181 1060 1340 1095 Polluce
1370 1060 1554 1095 servatis.

201 1117 280 1153 201
404 1117 448 1150 In
475 1117 632 1151 Mureto
661 1116 774 1160 plane
803 1125 939 1150 novam
972 1125 1133 1160 eamque
1154 1115 1326 1150 criticam
1353 1115 1511 1150 navavit
1540 1124 1708 1160 operam.

290 1171 447 1216 Scripta
478 1172 552 1205 viri
572 1171 714 1221 omnia,
745 1175 783 1206 et
807 1172 911 1206 edita
932 1174 969 1206 et
987 1171 1147 1216 inedita,
1179 1174 1364 1216 quotquot
1381 1171 1545 1215 reperiri
1565 1173 1706 1216 potue—

291 1230 394 1270 runt,
425 1226 598 1262 nnumin
630 1237 772 1271 corpus
791 1227 966 1277 collegit,
999 1227 1045 1261 ad
1071 1227 1213 1271 optima
1234 1225 1470 1270 exemplaria
1492 1222 1530 1272 *)
1561 1226 1708 1273 exegit,

290 1281 455 1317 subinde
486 1282 847 1317 animadversiones
877 1283 913 1316 in
945 1282 1080 1326 primis
1108 1282 1329 1317 censendae
1360 1281 1520 1316 dictioni
1551 1281 1708 1330 adiecit,

292 1336 521 1373 utilissimas
551 1337 639 1372 illas
658 1336 797 1372 Latine
826 1338 1019 1373 scribendi
1050 1338 1239 1373 studiosis
1265 1337 1313 1372 ad
1333 1336 1580 1382 proprietatis
1610 1346 1708 1382 pro-

292 1393 502 1438 bitatisque
532 1393 806 1440 cognitionem.
869 1394 976 1430 Unus
1007 1395 1107 1428 enim
1128 1393 1385 1428 recentiorum
1416 1393 1492 1428 fuit
1509 1393 1708 1438 Muretus,

292 1450 405 1484 cuius
435 1449 557 1483 oratio
590 1450 762 1493 proxime
792 1449 840 1483 ad
872 1449 1099 1494 optimorum
1121 1451 1322 1494 Veterum,
1353 1449 1519 1483 maxime
1541 1449 1707 1484 Cicero-

292 1504 459 1550 nianam,
500 1505 657 1539 formam
690 1505 913 1551 accederet,
952 1505 1016 1550 qui
1057 1505 1104 1541 de
1143 1505 1251 1540 tenui
1290 1506 1520 1551 argumento
1559 1507 1705 1549 ornate,

291 1560 340 1594 de
369 1560 537 1595 obscuro
568 1560 750 1605 dilucide,
782 1561 828 1596 de
850 1561 964 1608 gravi
986 1562 1206 1608 magnifice,
1237 1561 1284 1595 de
1306 1560 1407 1595 omni
1428 1569 1536 1605 pure,
1567 1569 1705 1595 emen—

292 1616 392 1658 date,
438 1616 613 1650 suaviter
651 1617 852 1653 scriberet.
924 1616 1095 1661 Cumque
1134 1617 1252 1663 vulgo
1295 1619 1426 1650 nostra
1464 1618 1604 1661 aetate,
1643 1615 1709 1660 qui

289 1681 332 1705 se
365 1672 551 1706 Veterum
583 1672 817 1717 interpretes
848 1673 1002 1715 serunt,
1033 1673 1176 1707 nullam
1207 1681 1445 1718 magnopere
1474 1672 1573 1707 bene
1602 1671 1710 1707 scri-

292 1726 405 1760 bendi
435 1727 498 1761 vel
530 1727 715 1762 rationem
749 1728 810 1762 vel
841 1728 1067 1763 facultatem
1100 1728 1279 1772 habeant,
1311 1737 1475 1773 cumque
1516 1727 1707 1772 turpissi-

290 1791 391 1815 mum
421 1781 473 1816 sit
501 1781 564 1825 iis,
595 1783 660 1826 qui
691 1784 877 1818 Veterum
909 1783 1128 1829 elegantias
1159 1784 1248 1817 aliis
1277 1787 1473 1831 enarrent,
1514 1783 1621 1827 ipsos
1651 1782 1709 1817 uti

289 1846 469 1871 sermone
507 1838 668 1872 barbaro
710 1841 748 1872 et
785 1837 996 1882 lutulent03
1035 1838 1295 1873 Ruhnkenius
1336 1839 1439 1873 hunc
1482 1837 1707 1872 extraordi-

291 1892 439 1926 narium
462 1892 686 1927 celebrandi
709 1893 854 1928 Mureti
878 1894 1045 1928 laborem
1067 1894 1263 1938 suscepit3
1295 1896 1337 1928 ut
1362 1894 1547 1929 haberent
1569 1903 1708 1928 exem-

290 1947 407 1992 plum,
438 1947 477 1981 in
509 1948 608 1991 quod
638 1949 849 1992 intuentes,
879 1949 926 1983 de
956 1950 1073 1983 rebus
1110 1949 1197 1983 sive
1237 1949 1424 1999 antiquis,
1465 1949 1551 1984 sive
1582 1949 1708 1994 novis,

289 2002 445 2047 antique
475 2003 648 2037 scribere
679 2003 888 2038 discerent.

400 2058 478 2093 Sed
510 2059 632 2093 veluti
661 2069 759 2105 ager
790 2059 967 2104 quamvis
999 2059 1203 2105 fecunduS,
1234 2069 1308 2104 quo
1331 2059 1462 2105 plures
1484 2058 1708 2095 uberiores-

290 2123 365 2157 que
396 2113 581 2158 deinceps
611 2124 830 2160 generosae
860 2115 989 2161 frugis
1019 2117 1179 2161 segetes
1211 2116 1312 2161 tulit,
1357 2126 1402 2150 eo
1445 2115 1592 2151 diutius
1630 2116 1709 2151 situ

290 2171 329 2203 et
359 2169 488 2212 quiete
519 2171 755 2205 recreandus
787 2172 847 2206 est
876 2173 1106 2214 anteaquam
1127 2170 1252 2206 denuo
1283 2174 1455 2207 seratur:
1485 2172 1541 2207 ita
1564 2171 1709 2208 Ruhn-

291 2224 444 2268 kenius,
484 2225 585 2260 edito
624 2226 768 2270 triplici
807 2226 875 2260 illo
912 2229 1115 2270 proventu,
1165 2227 1276 2270 quasi
1320 2226 1423 2260 vires
1467 2227 1709 2270 profudisset

291 2290 399 2325 suaS,
430 2280 607 2327 longiore
638 2281 685 2315 ad
718 2292 784 2316 eas
815 2281 1041 2317 reficiendas
1073 2291 1168 2326 opus
1200 2281 1334 2317 habuit
1365 2282 1463 2316 otio:
1508 2281 1577 2316 sed
1609 2291 1705 2327 spe-

199 2337 278 2374 202
292 2339 414 2370 ratum
446 2336 513 2370 otii
544 2338 728 2383 fructum,
762 2337 961 2382 pristinam
993 2338 1245 2379 alacritatem,
1276 2338 1559 2384 ingravescens
1606 2347 1707 2382 pau-

292 2391 397 2426 latim
438 2394 622 2426 senectus
665 2393 885 2437 intercepit.
955 2393 1196 2437 scholarum,
1236 2393 1429 2439 lectionis,
1472 2392 1709 2428 ambulatio-

294 2446 369 2497 nis,
407 2446 662 2494 celebritatis,
695 2449 911 2494 convictus,
956 2449 1188 2495 venationis,
1228 2449 1382 2484 omnino
1413 2448 1707 2484 consuetudinis

293 2511 340 2536 ac
371 2501 475 2536 vitae
506 2502 767 2550 quotidianae,
799 2504 900 2539 idem
921 2510 1005 2540 erat
1037 2515 1147 2551 opus,
1177 2505 1278 2540 idem
1303 2504 1483 2540 studium.
1540 2505 1585 2539 In
1617 2504 1708 2549 epi-

292 2556 410 2599 stola,
456 2567 567 2601 quam
606 2559 654 2594 ad
697 2570 756 2595 me
786 2560 901 2595 solito
940 2561 1155 2607 longiorem
1193 2561 1352 2605 scripsit
1389 2560 1424 2594 d.
1463 2557 1503 2596 5.
1534 2559 1709 2595 Ianuarii

292 2622 329 2648 a.
362 2610 484 2648 1'791.
517 2613 616 2649 haec
645 2616 762 2650 etiam
791 2616 943 2662 posuit:
984 2617 1213 2663 „Caeterum
1246 2618 1282 2650 et
1320 2616 1445 2650 animo
1479 2617 1515 2650 et
1547 2624 1708 2661 corpore

293 2729 322 2769 ⁹)
348 2732 401 2763 De
418 2733 471 2763 his
487 2733 655 2770 legendae
672 2739 751 2766 sunt
766 2735 1013 2768 adnotationes
1028 2744 1125 2767 meae
1143 2736 1185 2768 ad
1210 2735 1407 2767 Ruhnkenii
1427 2735 1574 2773 praefat.
1626 2734 1697 2766 FB.
