1816 3233
645 199 950 241 —191—

90 273 336 309 Pag.ed.princ.

92 315 265 350 118.vs.4.
291 315 456 346 durities.
503 315 618 355 Magis
644 323 743 356 quain
768 312 941 353 durities,
972 320 1061 352 quae
1090 312 1205 343 forma
1228 310 1417 342 rai-issima
1438 311 1506 348 est,

249 360 366 400 placet
380 360 535 402 duritia,
561 360 616 391 vel
642 361 768 398 potius,
794 360 957 398 quoniam
983 359 1037 390 liic
1062 358 1104 388 de
1124 358 1317 397 asperitate
1335 355 1507 387 orationis

249 409 286 436 et
310 407 408 446 quasi
433 407 611 436 moestitia
638 407 772 444 agitur,
801 403 957 434 duritas.

107 465 142 473 —
175 466 213 473 —-
227 449 282 481 19.
309 450 421 481 totius
442 450 585 489 yeneris
608 448 765 480 humani.
813 448 906 478 Malo
930 447 1092 477 universi
1114 447 1256 487 generis
1279 444 1436 476 humani.

91 494 214 528 119.—
232 496 264 526 3.
290 494 411 530 aiebat
434 494 576 525 Rulinlc.
625 495 735 525 Immo
759 493 878 532 inquit
901 491 1042 522 Rulmls.
1091 492 1143 524 Ct’.
1169 493 1210 523 ad
1238 498 1318 531 pag.
1342 491 1403 528 69,
1426 488 1460 518 7.

109 558 146 564 —
177 541 263 571 -7.
289 539 436 581 quaudo
468 556 511 561 —-
543 538 746 570 deduxerit.
802 539 915 578 Magis
951 538 1126 577 placeret,
1163 539 1194 568 si
1227 544 1336 577 quum
1367 551 1411 558 —
1443 533 1507 565 cle-

249 585 398 616 duxerit
424 586 644 623 scripsisset.
694 586 908 623 Quamquam
934 587 989 612 cst
1013 591 1080 622 quo
1106 591 1145 612 se
1170 586 1324 614 tueatur.

110 646 147 653 —
178 647 210 652 —
231 630 284 661 12.
308 628 451 660 Annum
483 629 644 667 primum
685 636 802 667 supra
839 627 1171 667 quaclruyesimum.
1233 628 1331 657 Hunc
1371 623 1508 657 dicendi

249 676 390 706 modum
428 675 622 705 defendens
661 675 875 712 Berginanus
912 681 1033 712 parum
1071 674 1162 702 scite
1203 674 1314 703 utitur
1349 671 1509 701 Livianis

249 718 378 769 (XXX,
395 716 486 759 35.):
516 718 868 759 Cartltayiniensimn
894 735 932 740 -
960 725 1066 747 caesa
1089 724 1205 755 supra
1230 715 1348 746 millia
1368 713 1508 755 υὶρὶηἰί.

243 764 326 797 lure
356 763 636 796 Lindemannus:
674 765 769 802 „Qui
799 763 1041 794 Romanorum
1080 764 1130 793 ita
1165 762 1310 801 dixerit,
1346 761 1509 790 invenire

248 817 319 843 non
344 810 454 848 potui.
503 809 652 840 Videtur
677 810 792 847 wytt.
824 808 867 838 ad
893 807 1069 839 Graecam
1100 807 1236 838 dicendi
1266 808 1439 837 rationein
1470 812 1510 834 se

249 854 508 895 composuisse,
543 856 600 894 qui
632 856 664 884 in
690 853 862 885 eiusmodi
896 853 1049 883 formula
1072 850 1129 883 ἐπὶ
1159 850 1327 891 ponunt.“
1376 850 1510 886 Quodsi

247 899 292 930 ab
315 900 448 934 usit-ata
477 900 619 930 ratione
651 898 921 929 desciscendum
954 903 1049 935 erat,
1085 899 1137 928 sic
1162 897 1288 928 saltem
1312 896 1419 927 scribi
1444 895 1509 925 de-

248 943 370 979 bebat:
402 941 547 974 Annum
568 943 731 982 primum
752 942 905 981 praeter
929 942 1259 982 quccdrayesimum.

109 1005 147 1011 —
176 1005 213 1020 -—.
231 987 282 1020 19.
306 986 448 1019 habeat.
496 989 606 1020 lmmo
630 987 787 1019 liaberet.

93 1031 212 1064 120.—
227 1032 284 1065 21.
307 1032 451 1074 elegans
471 1031 680 1073 formarum
702 1032 899 1072 spectator.
948 1032 1090 1062 Terent.
1116 1031 1270 1062 Eunucli.
1296 1030 1367 1069 111,
1391 1030 1429 1067 5,
1454 1027 1511 1059 18.

252 1077 367 1116 Quum
400 1085 455 1109 me
489 1079 567 1117 ipse
603 1078 724 1120 noris,
766 1086 875 1118 quam
908 1076 1052 1117 elefsans
1078 1075 1291 1116 formarum
1323 1074 1511 1114 spectator

248 1131 348 1154 siem.

94 1166 286 1200 lat-22.
311 1166 493 1199 debebant.
541 1168 654 1200 Immo
679 1166 825 1210 debent,
863 1176 907 1199 ex
932 1167 1137 1198 Latinorum
1168 1167 1304 1208 quidem
1336 1165 1512 1197 constanti

250 1215 518 1245 consuetudine.

95 1257 216 1290 122—
233 1258 266 1289 7.
291 1258 568 1289 immunditiem.
616 1257 754 1289 Vocab.
783 1258 849 1288 lioc
875 1257 966 1288 nulla
992 1258 1114 1288 nititur
1137 1258 1266 1288 idonea
1285 1256 1510 1287 auctoritate.

250 1304 440 1335 Dicendum
467 1307 546 1336 erat
569 1301 832 1344 immunditias,
859 1302 993 1332 sordes.

112 1364 150 1373 —
180 1363 217 1370 —
232 1347 288 1379 20.
314 1347 518 1379 Rulmlcenii
542 1349 698 1379 aetatem
719 1347 998 1386 provectiorem.
1033 1346 1164 1378 Cicero
1190 1354 1276 1376 sanc
1298 1344 1513 1384 provectam

250 1393 407 1424 aetatem
438 1394 545 1432 dixit,
571 1393 840 1432 provectiorem
875 1401 944 1423 non
975 1395 1069 1423 item.
1118 1392 1240 1431 ltaque
1265 1392 1356 1422 malo
1382 1389 1423 1420 R.
1449 1397 1513 1419 ae·-

251 1438 364 1470 tatem
399 1438 542 1478 zonyzus
574 1437 791 1477 provectam
829 1438 883 1468 vel
926 1437 1163 1478 grandiorem
1200 1436 1377 1477 aetatem,
1422 1435 1512 1475 quod

251 1485 364 1524 ipsum
391 1486 447 1516 est
463 1483 662 1515 Ciceronis.
702 1484 777 1514 Non
802 1484 880 1514 sine
905 1483 1063 1522 exemplo
1090 1485 1143 1513 est
1167 1481 1286 1512 aetate
1303 1480 1514 1520 provectior

251 1530 273 1560 i.
288 1537 320 1560 e.
345 1529 464 1560 aetate
488 1528 626 1569 (reatu)
648 1528 805 1570 pravior
832 1528 902 1567 vel,
928 1529 1020 1567 quod
1045 1527 1177 1568 legitur
1201 1526 1293 1566 apud
1308 1526 1397 1567 Cic.‚
1424 1525 1514 1555 natu

249 1574 442 1615 ιφἀηάὶον.

94 1617 214 1652 123.-
230 1618 264 1650 ’7.
285 1616 444 1659 filiabus.
491 1620 551 1650 Sic
575 1619 681 1650 scribi
703 1626 769 1658 pro
792 1616 879 1658 liliis
904 1626 973 1649 non
998 1618 1076 1649 erat
1100 1624 1258 1657 necesse,
1284 1625 1388 1656 quum
1411 1617 1514 1647 ante-

251 1664 396 1696 cederet
421 1662 571 1695 duabus.

111 1725 149 1732 —
179 1725 215 1731 —
232 1708 286 1741 10.
311 1709 502 1740 oculorum
525 1717 629 1739 sensu
653 1706 794 1738 orbata.
822 1709 842 1738 i.
869 1717 900 1739 e.
927 1707 1037 1738 oculis
1063 1710 1181 1747 capta:
1206 1715 1273 1747 quo
1303 1708 1382 1746 ipso
1407 1705 1513 1737 hodie

253 1763 323 1786 non
348 1763 431 1786 raro
458 1758 601 1786 utuntur
627 1762 811 1794 perperam
838 1754 966 1787 Latina
999 1753 1117 1793 lingua
1141 1753 1350 1793 loquentes,
1387 1752 1512 1791 quippe

252 1807 356 1839 quum
383 1800 425 1830 de
449 1802 492 1830 iis
517 1801 574 1838 qui
599 1801 699 1829 caeci
724 1801 797 1829 nati
821 1801 900 1829 sunt
927 1801 1107 1836 usurpent.

110 1860 147 1867 —
178 1843 286 1876 -17.
309 1845 492 1875 nocturna
514 1841 780 1881 lucubratione.
828 1843 914 1873 Solo
947 1843 1202 1874 concinnitatis
1235 1841 1352 1872 studio
1383 1840 1515 1872 factum

256 1890 411 1926 videtur,
444 1893 481 1920 ut
505 1898 624 1929 parum
651 1892 769 1928 aptum
794 1888 945 1919 adderet
967 1889 1194 1918 adiectivuiu.
1243 1886 1330 1917 Nam
1355 1887 1431 1924 ipsa
1455 1885 1515 1915 lu-

252 1933 423 1965 cubratio
465 1935 507 1965 de
545 1937 716 1965 nocturno
753 1934 875 1964 labore
911 1941 953 1964 ac
985 1934 1101 1963 studio
1133 1933 1270 1963 dicitur.
1327 1931 1425 1962 Haec
1461 1934 1517 1961 est

252 1988 342 2011 vero
367 1982 426 2010 aut
450 1981 654 2017 vespertina
683 1980 742 2008 aut
765 1978 986 2008 antelucana.
1012 1995 1051 1999 —
1080 1978 1177 2015 Quod
1212 1975 1386 2014 extempio
1417 1977 1516 2014 posi-

252 2028 321 2056 tum
344 2028 400 2055 est
423 2023 473 2054 acl
495 2022 720 2054 strictiorem
744 2037 787 2044 ——
812 2021 971 2063 modum,
997 2024 1156 2062 equidem
1181 2022 1273 2052 malo
1298 2020 1348 2051 ud
1371 2020 1516 2051 modum

251 2069 476 2099 strictiorem
501 2069 558 2098 vel
583 2068 632 2098 acl
655 2067 873 2098 severiorem
897 2067 1018 2107 leyem.

96 2112 264 2145 124.—9.
287 2113 515 2152 paucitatem
552 2112 833 2152 brevitatemque
870 2111 1054 2150 temporis.
1123 2110 1300 2141 Pccucitas
1342 2110 1517 2148 temporis

254 2164 310 2195 est
334 2161 482 2199 exiguus
504 2161 704 2198 spacioruin
731 2166 794 2189 seu
821 2162 1016 2196 temporum
1041 2164 1222 2192 numerus,
1248 2156 1369 2196 quibus
1390 2156 1518 2187 licebat

253 2204 296 2235 ad
322 2206 438 2236 studia
462 2206 610 2235 reverti.
652 2202 720 2234 Sed
745 2202 929 2233 dicendum
956 2203 1072 2242 potius
1095 2206 1172 2233 erat
1197 2201 1398 2239 temporum
1417 2207 1516 2239 pctu-

253 2248 359 2280 citas.
405 2248 595 2280 Formulae
619 2249 845 2288 asperitatem
872 2247 1044 2279 emollivit
1068 2247 1183 2277 addito
1209 2245 1390 2287 brevitas,
1427 2246 1517 2286 quod

252 2293 346 2334 aliud
370 2294 557 2334 significat.
596 2292 878 2324 LlNDEMANN.

96 2337 218 2371 125.-
233 2338 289 2371 11.
316 2338 550 2377 corruptelas
572 2337 794 2376 scripturae.
845 2337 970 2375 Aptius
996 2339 1051 2368 est
1081 2334 1336 2375 corruptiones
1367 2335 1428 2367 vel
1452 2335 1517 2367 cle-

251 2383 491 2423 q'Drcwatz'ones
513 2383 726 2422 scripturae
750 2381 976 2421 (lectionis.)

112 2445 150 2463 ·.-
181 2428 289 2460 -20-
312 2428 552 2468 perditorum.
600 2428 695 2458 Malo
719 2426 1003 2465 deperditorum.
1030 2426 1077 2456 cf.
1102 2425 1156 2465 51,
1182 2425 1214 2455 3.
1241 2430 1274 2457 et
1298 2425 1339 2456 acl
1368 2424 1514 2463 127‚2·2.

97 2473 218 2511 1,‚26.—
236 2474 291 2505 13.
315 2481 459 2504 recusa.
500 2472 757 2504 Abstinendum
783 2475 839 2503 est
864 2473 930 2502 hac
946 2480 1046 2510 voce,
1071 2479 1160 2510 quae
1184 2471 1278 2501 nulla
1301 2472 1517 2510 scriptorum

255 2520 471 2550 auctoritate
494 2520 638 2549 nitatur.
686 2517 765 2548 Vid.
791 2517 832 2547 ad
858 2518 986 2548 Muret.
1015 2516 1092 2547 Vol.
1119 2515 1160 2547 ll.
1184 2523 1265 2556 pag.
1292 2516 1368 2548 177.
1401 2519 1438 2547 et
1461 2518 1518 2547 in·-²

207 2559 212 2564 ’
253 2565 376 2603 primis
401 2572 478 2604 pag.
504 2562 559 2594 10.
593 2562 722 2594 Krebs.
749 2562 772 2593 1.
797 2562 821 2592 1.
848 2570 925 2602 pag.
954 2560 1034 2592 680.
1059 2569 1110 2600 sq.

116 2623 154 2630 —
185 2607 292 2641 -16,
314 2607 472 2648 publice.
519 2609 586 2639 Hic
616 2616 729 2653 neque
759 2605 904 2646 publice
935 2614 1049 2646 neque
1078 2605 1118 2635 z'n
1143 2603 1292 2644 publico
1321 2605 1390 2637 dici
1419 2604 1516 2648 licet,

255 2654 318 2686 sed
341 2654 492 2695 palum,
513 2652 723 2692 propalam.
772 2651 850 2683 vid.
876 2651 1004 2684 Krebs.
1031 2651 1054 2681 1.
1078 2651 1101 2681 1.
1128 2658 1208 2690 pag.
1234 2651 1314 2682 652.

99 2695 224 2731 127.-
242 2697 275 2730 1.
297 2697 542 2730 inimicitiam.
597 2699 707 2729 Huius
732 2698 883 2729 nominis
907 2696 1051 2737 pluralis
1088 2704 1255 2727 numerus
1280 2697 1313 2727 li.
1335 2694 1357 2726 1.
1384 2697 1518 2735 paritet*

258 2751 300 2775 ao
329 2752 406 2785 pag.
438 2744 521 2782 159,
556 2742 608 2774 14.
653 2751 740 2782 opus
773 2744 864 2777 erat.
921 2741 974 2774 Cf.
1009 2741 1137 2774 Krebs.
1171 2741 1292 2775 Antib.
1327 2750 1408 2783 pag.
1436 2740 1515 2777 426.

259 2788 398 2831 Zumpt.
423 2789 484 2823 Gr.
507 2790 588 2823 Lat·
614 2788 648 2828 S.
672 2787 727 2821 94.
