1816 3233
809 224 866 230 -
921 165 1118 243 234⁵—

255 315 441 349 professio
456 324 528 356 pro
544 323 689 348 munere
706 315 931 348 Professor-is

256 406 505 439 Professorem
540 404 778 446 (professoris
803 413 931 446 perso-

301 451 397 488 nam)
422 452 602 491 deponere
625 451 703 483 205.

255 496 504 528 Professorius
548 496 626 528 178.
672 497 930 536 professorium

301 549 426 571 munus
451 539 539 572 ibid.

254 587 422 618 Profusio
444 586 524 618 203.

257 632 486 671 programma
508 629 587 662 205.

254 677 442 709 Promotus
468 677 509 707 ad
538 684 660 707 munus
687 675 762 706 178.

254 721 372 760 Prope
398 724 453 753 est
477 726 515 753 ut
527 722 606 752 196.
632 723 778 761 propius
804 721 931 752 abesse

254 810 462 851 Proponere
485 812 638 851 aliquem
660 811 871 851 exemplum,
896 811 932 841 in

301 858 498 897 exemplum
527 857 602 887 173.

254 902 462 940 Proprietas
487 901 563 933 187.
605 900 732 932 Latini
755 900 931 932 sermonis

296 947 513 986 proprietas
536 947 715 988 quaedam
738 948 815 978 207.

254 992 424 1031 Proprius
447 992 524 1023 175.

255 1037 517 1078 Propugnatrix
540 1036 618 1067 205.

255 1082 408 1113 Prorsus
435 1090 604 1113 recusare
627 1080 706 1112 207.

255 1127 380 1166 Prusa,
405 1135 515 1167 prosa
541 1129 656 1158 oratio
682 1126 758 1157 194.
799 1123 931 1165 prosae

300 1174 505 1212 (orationis)
531 1174 727 1212 scriptores
755 1172 830 1203 177.

255 1218 419 1250 Prosaici
449 1219 522 1250 177.

255 1263 487 1296 Proscribere
511 1265 711 1295 auctionem
740 1261 817 1293 192.

255 1308 366 1341 Prout
384 1309 526 1350 (prouti)
545 1308 632 1350 quid
647 1308 801 1348 proprie
813 1307 931 1349 siqni-

296 1352 381 1396 ficet
408 1355 483 1387 177.
519 1359 624 1395 prout
653 1362 724 1393 pro
749 1356 837 1385 sicut
865 1351 930 1394 (ut)

300 1400 380 1432 203.
423 1400 499 1431 170.
540 1402 648 1439 prout
680 1416 721 1421 —
756 1401 804 1430 ita
846 1398 930 1440 (sic)

304 1445 379 1476 170.
407 1445 485 1476 177.

254 1491 452 1523 provectus
491 1490 533 1522 ad
572 1498 695 1521 munus
728 1489 804 1520 178.
843 1497 932 1529 pro-

303 1542 407 1569 vecta
446 1536 478 1567 et
526 1537 733 1575 provectior
777 1534 932 1576 (longius

300 1580 492 1622 provecta)
541 1585 641 1612 aetas
690 1580 765 1611 191.
813 1583 931 1611 aetate

301 1630 509 1666 provectior
546 1625 633 1657 ibid.
683 1627 931 1665 provectiores

301 1672 345 1703 tle
368 1672 414 1703 iis
448 1674 503 1712 qui
538 1673 615 1712 plus
640 1672 871 1712 profecerunt
895 1672 930 1701 in

301 1718 418 1748 literis
443 1718 523 1749 203.

254 1761 509 1794 Proverbium:
535 1765 571 1793 ut
596 1763 630 1792 in
657 1762 847 1801 proverbio
865 1763 932 1801 est,

302 1812 337 1838 ut
361 1808 553 1847 proverbio
571 1809 712 1844 «licitur,
738 1807 827 1847 quod
847 1815 931 1846 pro-

301 1854 417 1884 verbii
443 1853 525 1885 loco
551 1854 616 1883 dic.
646 1852 718 1882 174.
747 1856 783 1881 ut
808 1850 929 1890 (quod)

299 1899 334 1929 in
351 1899 539 1938 proverbio
557 1898 685 1928 dicitur
701 1895 788 1928 ibid.
804 1897 836 1927 et
854 1896 929 1927 188.

255 1944 450 1974 Provincia
477 1943 554 1974 173.

255 1989 398 2019 Publica
424 1989 481 2019 lux
511 1988 587 2019 199.

254 2033 394 2065 Publice
421 2033 498 2064 197.
546 2032 680 2071 publice
705 2039 777 2070 pro
808 2031 930 2070 palam,

300 2079 481 2118 propalam
517 2076 597 2108 191.
639 2078 730 2116 publ.
768 2077 932 2107 dedicare

302 2125 404 2156 alicui
447 2123 572 2154 librum
611 2122 689 2152 201.
747 2123 837 2160 publ.
881 2122 932 2161 (in

301 2168 491 2208 publicum)
516 2168 598 2199 editi
625 2168 702 2198 libri
728 2168 807 2197 196.

257 2214 396 2245 Puellus
418 2221 491 2253 pro
515 2213 662 2251 puerulo
688 2212 766 2243 187.

256 2259 406 2290 Puerilis
431 2261 613 2297 institutio,
639 2257 835 2297 disciplina,
863 2256 928 2288 do-

267 2317 269 2319 *
301 2307 416 2336 ctrina
442 2304 518 2335 183.

255 2349 431 2380 Pueritiae
456 2348 642 2388 disciplina
669 2348 744 2379 183.

255 2395 447 2435 Pugnatrix
472 2394 551 2424 205.

255 2440 500 2471 Pulvisculus:
527 2447 602 2469 cum
630 2437 829 2476 pulvisculo
856 2444 931 2468 rem

302 2487 505 2528 exhaurire,
520 2484 678 2522 auferre,
692 2483 830 2522 tollere,
848 2481 932 2513 (lare

257 2575 399 2606 Puritas
423 2576 598 2605 orationis
626 2572 703 2604 171.

258 2621 407 2658 Pythia:
431 2619 503 2658 vid.
530 2620 626 2649 Ludi.

261 2663 342 2703 Qua
363 2664 507 2695 ratione
527 2661 595 2703 fiat
625 2664 666 2693 ut
690 2663 763 2693 cito
787 2661 932 2693 scriba-

303 2710 367 2740 tur
390 2709 582 2740 dicaturve
607 2709 683 2739 182.

260 2756 443 2794 Quadrata
466 2755 596 2785 forma:
621 2754 694 2784 vid.
719 2753 862 2784 Forma.

259 2802 390 2840 Quam:
424 2801 539 2832 maior
563 2808 663 2840 quain
689 2806 752 2839 pro
780 2798 855 2829 186.

1000 315 1146 354 Quando
1169 322 1241 355 pro
1258 319 1358 356 quum
1372 315 1450 348 191.
1472 324 1544 358 pro
1559 325 1672 359 quon-

1047 363 1114 392 iam
1139 361 1218 393 202.

1001 406 1192 450 Quantum:
1217 406 1290 437 vid.
1305 404 1468 439 Caeleste
1485 408 1518 439 et
1533 407 1673 439 Totum.

1000 452 1152 489 Quartus
1177 455 1214 483 et
1236 454 1478 491 sexagesimus
1502 451 1579 483 186.

1002 498 1110 534 Quasi
1147 496 1186 526 in
1222 496 1426 537 mitiyanda
1459 497 1674 536 metaphora

1043 541 1250 580 usurpatur
1274 539 1351 572 172.
1373 540 1453 572 181.
1471 542 1548 572 206.
1575 545 1674 582 quasi

1047 594 1134 618 vero
1152 587 1329 627 quomodo
1345 587 1575 618 construend.
1591 587 1677 618 205.

1000 632 1088 670 Quid
1139 634 1199 662 tibi
1247 626 1399 663 videor‘.2
1453 631 1530 664 197.
1595 632 1673 664 Vid.

1046 679 1163 715 Agere
1187 677 1220 707 et
1244 677 1391 708 Gerere.

1001 722 1146 760 Quidem
1183 722 1303 753 alieno
1340 722 1419 752 loco
1455 721 1674 754 collocatum

1045 766 1123 797 185.
1148 765 1210 797 bis.

1001 813 1334 850 Quinctilianus
1379 812 1456 843 175.
1493 810 1569 842 177.
1609 810 1673 843 bis.

1047 857 1122 889 182.
1149 857 1225 888 185.
1251 856 1329 887 187.
1355 857 1432 888 194.

999 904 1148 940 Quintus
1173 902 1330 934 decimus
1363 902 1442 933 185.
1474 903 1614 942 quintus
1639 903 1675 934 et

1044 950 1288 988 sexagesimus
1319 948 1393 986 1923.

999 993 1134 1031 Quippe
1160 995 1216 1032 qui
1238 993 1415 1033 quomodo
1433 992 1674 1023 construatur

1045 1038 1123 1069 170.
1151 1037 1225 1068 171.
1257 1038 1330 1068 182.
1366 1039 1422 1077 qui
1447 1034 1571 1077 quippe
1595 1035 1674 1068 1⁸72.

999 1084 1084 1121 Quis
1126 1091 1197 1122 pro
1241 1085 1424 1123 quisquam
1464 1080 1543 1122 170.
1593 1082 1675 1122 quid
1736 1092 1742 1096 ·
1782 1084 1784 1086 ’

1041 1135 1113 1167 pro
1138 1128 1319 1168 quidquam
1346 1127 1424 1158 183.

1000 1174 1154 1213 Quisque
1181 1181 1382 1213 perperam
1410 1172 1571 1212 positum
1594 1172 1673 1205 196.

1045 1221 1190 1258 quisque
1215 1219 1249 1249 et
1275 1222 1390 1259 quivis
1415 1218 1493 1249 174.
1684 1255 1687 1258 .

1000 1266 1125 1302 Quivis
1147 1265 1180 1294 et
1204 1267 1347 1304 quisque
1373 1262 1532 1304 (singuli)
1557 1261 1638 1294 174.

1001 1310 1121 1348 Quoad
1149 1312 1223 1341 eius
1248 1310 1324 1341 fieri
1352 1313 1467 1349 potest
1490 1307 1567 1339 172.
1593 1308 1673 1340 195.

1001 1356 1097 1393 Quod
1130 1362 1210 1385 cum
1239 1353 1474 1386 Conizmctzvo
1505 1352 1568 1384 ubi
1597 1361 1675 1385 me-

1045 1400 1118 1430 lior
1152 1400 1310 1431 Iudicat.
1351 1401 1430 1431 175.
1473 1398 1551 1430 207.
1593 1406 1676 1430 cum

1049 1444 1283 1476 Coniuncta-0
1310 1445 1385 1476 183.
1426 1445 1514 1485 quod
1548 1447 1674 1476 memi-

1046 1493 1170 1529 nerim,
1197 1491 1285 1530 quod
1311 1487 1506 1531 (quantum)
1533 1491 1674 1521 memini

1045 1534 1121 1566 187.
1150 1536 1239 1576 quod
1265 1543 1308 1566 ne
1333 1536 1424 1566 mire
1440 1535 1579 1566 dictum
1597 1535 1673 1566 173.

1001 1581 1182 1619 Quondam
1214 1581 1238 1612 ι’.
1269 1588 1301 1621 q.
1334 1582 1482 1621 quodam
1515 1584 1676 1619 tempore

1048 1626 1124 1657 18¹3.
1141 1626 1312 1666 quondum
1330 1627 1398 1657 alio
1415 1629 1574 1665 tempore
1586 1624 1674 1656 ibid.

1046 1672 1130 1702 olim
1155 1689 1200 1693 —-
1224 1671 1396 1711 quondam
1421 1670 1508 1702 ibid.

1001 1717 1148 1756 Quoque
1172 1717 1290 1748 alieno
1314 1717 1394 1748 loco
1416 1716 1575 1756 positum
1595 1716 1672 1747 199.

1045 1769 1182 1801 quoque
1206 1765 1311 1794 etiam
1339 1762 1413 1793 194.

1000 1808 1228 1838 Ramentum:
1256 1816 1332 1839 curn
1360 1810 1525 1839 ramento
1548 1805 1628 1838 202.

998 1850 1109 1881 Ratio
1147 1852 1198 1882 est
1239 1852 1344 1892 quasi
1388 1852 1568 1892 quaedam
1609 1851 1676 1882 luoe

1044 1896 1231 1937 lumenque
1254 1897 1351 1927 ritae
1374 1897 1451 1927 202.

1001 1942 1143 1973 Recens
1177 1951 1196 1972 e
1221 1944 1405 1981 provincia
1430 1941 1506 1971 189.
1545 1948 1675 1973 recen-

1046 1988 1139 2018 tiore
1186 1991 1305 2018 aetate
1349 1985 1551 2027 (memoria)
1596 1985 1673 2017 177.

1049 2033 1295 2062 recentissima
1321 2036 1479 2070 tempora
1503 2030 1582 2062 185.

1000 2077 1142 2108 Recens
1166 2075 1257 2107 Aclv.
1284 2077 1358 2108 179.
1386 2075 1461 2107 186.
1497 2076 1572 2106 188.
1610 2083 1676 2107 co-

1044 2121 1214 2160 pulatum
1238 2130 1320 2152 cum
1336 2121 1572 2153 Substantivo
1596 2121 1673 2154 189.

1001 2169 1177 2199 Receusio
1207 2168 1279 2197 1223.
1311 2168 1386 2198 198.

1001 2214 1182 2244 Receuter
1206 2210 1298 2243 Ado.
1328 2212 1402 2244 179.

1000 2259 1170 2289 Recitai·e
1194 2256 1272 2287 186.
1300 2256 1379 2288 187.

1000 2304 1214 2334 Rectoratus
1239 2301 1317 2334 200.

1001 2349 1146 2379 Rectrix
1170 2348 1249 2378 203.

1002 2393 1185 2424 Recndere
1215 2392 1289 2423 191.

1002 2438 1180 2468 Recusare
1205 2440 1342 2477 penitus
1368 2434 1539 2476 (prorsuS‚
1566 2443 1674 2475 prae-

1047 2486 1133 2519 cise,
1160 2482 1351 2521 obstinate)
1376 2482 1454 2512 207.

1000 2529 1148 2560 Reditus
1181 2529 1339 2559 muneris
1370 2527 1444 2558 189.
1489 2525 1565 2556 Via.
1598 2526 1674 2557 Lu-

1047 2574 1219 2604 culentus.

1001 2620 1152 2650 Referre
1176 2619 1311 2655 gratias
1335 2615 1519 2655 (gratiam)
1545 2616 1628 2648 205.

1001 2665 1214 2696 Reformare
1238 2663 1262 2692 ι’.
1288 2669 1321 2703 q.
1346 2663 1556 2701 emendare,
1589 2670 1674 2694 cor-

1047 2710 1166 2746 rigere
1190 2707 1271 2739 200.

1000 2754 1143 2794 Regere
1177 2753 1326 2791 aliquem
1361 2752 1436 2783 183.
1478 2760 1606 2794 regere
1639 2751 1674 2784 et

1019 2806 1025 2808 ‘
1046 2806 1197 2840 regnare
1220 2797 1302 2829 201.
