1833 3237
638 251 917 289 ...49-

81 363 256 401 deterius
292 374 315 398 a
351 363 540 411 magistro
580 363 772 400 redditum
809 361 950 398 dictari
988 364 1062 400 sibi
1095 363 1260 402 volunt?
1316 365 1492 407 Scilicet,

82 424 188 456 tuum
220 419 306 466 ipse
345 420 530 456 iudicium
567 420 760 466 sequaris,
801 421 841 453 et
871 428 1020 454 omnem
1052 420 1309 457 institutionis
1339 431 1492 468 operam

82 476 390 522 industriamque
420 477 467 512 ad
494 476 725 511 discentium
757 484 991 520 progressus
1021 477 1183 511 reseras.
1244 479 1327 514 Hoc
1349 479 1491 515 Ruhn-

81 532 220 568 kenius
251 532 432 568 faciebat.
491 531 574 567 Nos
615 532 712 566 haee
750 541 853 566 nunc
884 530 970 566 ideo
1001 532 1159 568 uberius
1190 532 1381 580 diximus,
1421 535 1557 579 quove

81 589 231 623 rectius
261 599 328 630 ea,
369 598 468 634 quae
498 587 601 622 infra
631 587 764 622 eodem
794 586 843 621 de
873 587 957 621 loco
988 586 1176 636 dicemus,
1209 589 1494 637 intelligantur.

195 644 271 679 Sed
303 637 388 681 cffin
409 643 485 679 duo
505 643 584 678 sint
612 642 758 688 publici
789 642 958 678 doctoris
984 644 1132 692 officia,
1163 644 1325 681 alterum
1350 652 1500 681 neces-·

81 699 252 746 sarium,
281 699 476 735 institutio
506 698 710 734 studiosae
753 698 991 745 iuventutiS,
1029 699 1192 735 alterum
1233 700 1492 745 honorarium,

79 755 241 800 scriptio
272 755 456 797 librorum
487 754 526 790 in
558 755 698 799 quibus
727 754 944 790 doctrinam
976 754 1062 800 ipse
1093 766 1202 791 suam
1233 756 1280 791 ad
1313 767 1489 793 commu·

80 821 166 845 nem
199 812 368 847 omnium
399 821 511 847 usum
544 811 700 856 prodat,
747 814 786 846 et
815 810 1081 856 provectiores
1110 812 1208 847 adeo
1240 823 1286 847 ac
1316 813 1493 848 seniores

79 866 242 902 doceat:
272 867 380 902 illius
410 867 495 902 laus
525 867 627 901 intra
645 866 814 911 parietes
845 863 1073 914 alebatur*)
1104 868 1354 914 Rulinkenio,
1378 868 1495 904 huius

77 922 206 957 lumen
245 931 292 957 ac
330 922 516 966 splendor
553 921 669 956 simul
708 924 746 956 et
784 920 989 966 scriptoris
1027 923 1240 958 doctrinam
1283 927 1321 959 et
1354 925 1495 960 samam

77 977 322 1014 Academiae
361 977 722 1023 Lugdunobatavae
771 986 841 1022 per
881 980 1001 1012 totum
1050 981 1239 1014 terrarum
1288 967 1417 1014 orbem
1457 983 1496 1015 et

77 1033 371 1069 commendabat
423 1037 461 1068 et
511 1032 740 1068 illustrabat.
814 1026 1009 1068 Ernestus
1058 1037 1298 1079 quantopere
1346 1038 1495 1070 amaret

77 1089 354 1125 Ruhnkenium
385 1089 551 1134 eiusque
589 1089 795 1124 miraretur
845 1088 1076 1138 ingenium,
1125 1090 1257 1124 multis
1308 1090 1493 1126 librorum

77 1154 234 1180 suorum
267 1144 362 1180 locis
391 1147 575 1180 testatum
600 1145 768 1189 reliquit.
826 1144 965 1189 Neque
995 1145 1122 1180 minus
1142 1147 1350 1181 Ernestum
1382 1156 1494 1181 ama-

76 1201 142 1236 bat
161 1200 433 1246 Ruhnkenius,
464 1200 628 1245 eiusque
659 1199 873 1235 doctrinam
906 1201 1038 1248 magni
1071 1201 1251 1245 faciebat,
1283 1204 1323 1236 et
1352 1202 1494 1247 cupie-

77 1255 141 1290 bat
170 1265 282 1303 eum,
322 1258 364 1290 ut
404 1255 443 1290 in
475 1256 563 1290 aliis
594 1256 813 1291 Literarum
857 1256 1053 1300 partibuS‚
1095 1257 1147 1291 ita
1187 1257 1226 1292 in
1259 1257 1396 1291 critico
1426 1258 1494 1293 illo

75 1314 190 1346 acute
226 1311 457 1347 emendandi
488 1312 682 1357 docteque
713 1311 934 1346 illustrandi
975 1321 1158 1354 munere,
1200 1315 1240 1347 et
1278 1323 1369 1348 esse
1407 1324 1495 1348 ma-

74 1375 196 1414 gnum
234 1371 273 1403 ct
303 1367 450 1404 haberi.
509 1369 646 1413 Itaque
689 1367 882 1413 persuasit
927 1367 962 1402 ei
1002 1373 1044 1402 ut
1084 1367 1386 1415 Callimachum,
1418 1369 1492 1404 iam

75 1426 191 1458 antea
220 1424 269 1459 ab
299 1434 344 1459 eo
375 1424 533 1469 Lipsiae
563 1424 603 1459 in
634 1424 801 1459 tironum
843 1433 937 1458 usus
968 1421 1208 1472 editum,**]
1251 1428 1495 1466 retractaret,

76 1479 320 1515 uberioribus
351 1480 755 1515 animadversionibus
792 1479 1062 1524 locupletaret,
1095 1491 1240 1526 easque
1261 1490 1347 1517 cum
1367 1483 1496 1518 Grae-

76 1535 195 1570 viana
225 1535 395 1570 editione
426 1536 695 1583 coniungeret,
728 1546 841 1580 qnam
869 1536 1284 1583 Lugdunibatavorum
1316 1541 1495 1583 repetere

75 1591 334 1627 instituebant
381 1593 648 1628 Luchtmansii
695 1591 956 1636 bibliopolae3
1016 1594 1183 1628 offerens
1231 1593 1266 1628 ei
1319 1593 1493 1629 codicum

76 1648 308 1692 scriptorum
340 1648 588 1690 collationes,
629 1658 723 1682 suas
754 1648 843 1682 item
875 1647 1094 1689 auctiores,
1136 1652 1214 1682 tum
1245 1658 1338 1684 vero
1371 1651 1493 1684 ilem-

76 1703 288 1745 sterausii‚
330 1703 685 1749 Valckenariique,
735 1703 1022 1738 annotationes,
1094 1705 1287 1739 Ernestus
1325 1705 1493 1750 suscipit

84 1758 182 1795 hane
211 1759 395 1794 editionis
434 1759 697 1804 provinciam:
736 1768 807 1793 nec
845 1758 964 1792 multo
1006 1762 1091 1803 post
1121 1759 1238 1794 mittit
1268 1759 1315 1793 ad
1348 1760 1492 1796 Ruhn-

74 1815 232 1850 kenium
264 1814 419 1851 notulas
448 1825 566 1861 suas,
605 1817 744 1849 tenues
773 1813 863 1849 illas
894 1813 1007 1848 valde
1034 1816 1072 1848 et
1102 1814 1251 1860 exiles,
1280 1815 1349 1850 sed
1380 1816 1491 1856 satis,

77 1875 120 1906 ut
158 1870 245 1917 ipse
283 1870 437 1917 quidem
477 1870 659 1917 putabat,
706 1869 752 1904 ad
794 1879 918 1905 novae
957 1869 1142 1904 editionis
1172 1880 1218 1905 ac
1248 1871 1492 1907 recensionis

74 1936 214 1962 nomen
261 1926 476 1972 parandum
515 1937 562 1962 ac
601 1925 800 1961 tuendum.
861 1925 1096 1960 Ruhnkenio
1145 1925 1221 1961 ista
1271 1928 1491 1963 notularum

75 1981 216 2018 levitas
235 1983 507 2027 inexspectata
527 1981 751 2024 accidebat3
781 1980 846 2014 dat
869 1990 937 2015 eas
962 1981 1260 2017 Hemsterbusio
1280 1982 1491 2030 legendas:

75 2037 168 2073 huic
205 2038 296 2073 item
337 2037 509 2072 videtur:
555 2046 651 2084 ergo
688 2036 736 2070 de
767 2035 958 2071 communi
990 2037 1185 2072 sententia
1226 2048 1293 2073 eas
1324 2040 1491 2075 Ernesto

72 2094 299 2137 remittunt,
330 2093 542 2128 suadentes
563 2099 624 2136 ut,
656 2092 778 2137 quoad
804 2094 933 2136 posset
963 2092 1151 2139 maxime,
1182 2103 1252 2128 eas
1290 2093 1490 2130 doetrinae

72 2149 198 2194 copiis
227 2151 405 2195 augeret,
436 2149 706 2196 significantes
736 2147 850 2183 simul
882 2147 1078 2192 copiarum
1111 2149 1363 2194 petendarum
1396 2152 1491 2185 fon-

75 2208 156 2250 tes,
198 2214 309 2250 porro
349 2209 551 2240 monentes
594 2207 637 2240 ut
675 2214 697 2238 a
728 2203 995 2239 Valckenario
1035 2205 1150 2239 etiam
1182 2214 1290 2250 opem
1322 2207 1491 2253 peteret,

69 2269 182 2305 quem
213 2260 252 2295 in
285 2259 420 2306 primis
451 2261 497 2296 ad
529 2260 700 2296 ornanda
726 2260 945 2306 fragmenta
977 2259 1184 2306 egregium
1205 2261 1489 2296 emendationis

71 2402 93 2438 ”)
118 2402 193 2435 Cic.
211 2405 308 2436 Brut.
338 2412 415 2442 cap.
440 2404 473 2433 8.
500 2404 531 2442 S.
559 2405 617 2434 32.
643 2403 686 2433 de
704 2404 885 2434 Isocrate:
917 2403 1060 2444 forensi
1084 2404 1167 2434 luce
1191 2405 1340 2443 caruit,
1364 2404 1489 2435 intra-

115 2457 185 2489 que
206 2451 369 2490 parietes
394 2448 494 2478 aluit
523 2457 602 2479 etun
626 2448 807 2489 yloriam,
833 2456 943 2488 quam
967 2442 1087 2489 neimo,
1113 2457 1188 2480 meo
1215 2449 1360 2489 qzcidem
1384 2449 1484 2480 iudi-

114 2493 189 2535 cio,
215 2496 269 2525 est
289 2494 418 2535 postea
443 2493 673 2524 consecutus.
724 2493 794 2523 FR.

71 2556 115 2595 ”J
139 2560 281 2597 verius,
304 2562 339 2591 ni
366 2561 528 2599 salliuntur,
553 2560 602 2591 ml
626 2560 819 2590 editionem
845 2559 1084 2601 instructum,
1109 2568 1178 2590 non
1205 2561 1287 2590 item
1312 2562 1345 2591 in
1371 2560 1488 2591 lucem

118 2605 290 2642 publicam
315 2607 506 2643 emissum;
528 2605 699 2645 siquidem
727 2605 860 2635 fatetur
885 2605 1057 2634 Ernestus
1082 2606 1117 2635 in
1139 2605 1254 2636 Praef.
1280 2615 1311 2645 p.
1330 2606 1371 2637 ll.
1399 2613 1489 2636 con-

117 2648 234 2679 silium
257 2650 393 2688 quidem
420 2651 560 2689 cepisse
592 2658 631 2679 se
654 2649 780 2679 edendi
812 2656 854 2678 ea
888 2651 1027 2679 ratione
1053 2647 1281 2689 Callimachi,
1313 2650 1377 2681 sed
1400 2650 1487 2680 illud

118 2693 312 2733 abiecisse,
345 2696 389 2725 ob
415 2694 588 2734 duplicem
614 2696 690 2724 eius
723 2695 936 2731 editionem,
969 2694 1116 2724 alteram
1143 2695 1382 2735 Lipsiensem,
1412 2696 1489 2726 Bri-

120 2739 292 2767 tannicam
319 2739 479 2770 atteram.
510 2757 544 2761 —
572 2739 639 2769 Sed
674 2739 714 2769 ad
750 2739 934 2769 doctorum
968 2739 1145 2769 hominum
1180 2741 1339 2770 notitiam
1367 2740 1488 2778 prodi-

118 2781 219 2811 derat
255 2785 359 2813 antea
391 2784 561 2814 Ernestus
594 2786 779 2822 specimen
816 2783 1109 2814 Emendationnm
1151 2785 1186 2814 in
1218 2784 1485 2815 Callimachum.

116 2826 231 2866 [Lips.
261 2826 380 2863 1742]
429 2827 663 2858 BERGMAN.

1180 2882 1207 2918 4

1508 1759 1561 1795 80
