1816 3233
118 749 608 814 ADNOTATIONES
655 750 925 814 CRITIGAE
972 760 1046 814 ET
1095 751 1537 816 GRAMMATIGAE

569 888 794 923 BONARUM
816 887 1093 919 LITERARUM

221 987 533 1031 STUDIOSIS
574 979 1106 1031 ADOLESCENTlssUS
1151 987 1443 1030 SCR1PTAE

121 1171 200 1205 Pag.
216 1170 312 1199 huius
325 1173 373 1201 ed.

122 1213 272 1245 1.versu
282 1214 315 1244 2.
341 1215 473 1247 serior.
488 1214 776 1255 comparativum
801 1217 914 1254 hunc,
939 1223 1041 1256 quem
1065 1216 1200 1256 negant
1223 1222 1305 1246 esse
1331 1213 1540 1246 ciceronia-

256 1267 338 1290 num
354 1258 440 1300 (vid.
453 1261 581 1292 Krebs.
594 1261 781 1292 Antibarb.
799 1269 879 1301 pag.
893 1261 971 1292 7:23.
983 1260 1095 1301 ed.3.)
1107 1263 1222 1292 vitare
1237 1259 1540 1300 wyttenbachius

258 1306 419 1346 poterat,
444 1308 475 1336 si
505 1306 653 1337 tardior
677 1308 894 1345 scripsisset.
911 1307 1032 1346 Neque
1057 1309 1174 1337 tamen
1200 1314 1268 1336 non
1294 1308 1375 1337 sunt
1399 1307 1539 1346 hanna,

256 1357 346 1389 quae
370 1359 494 1389 parum
519 1354 598 1382 esse
624 1351 866 1382 Ciceroniana
897 1351 1097 1383 videantur.
1154 1352 1208 1383 De
1231 1352 1312 1384 adv.
1345 1353 1462 1383 serius
1494 1351 1538 1383 cf.

256 1395 375 1426 adnot.
399 1404 479 1428 mea
502 1395 546 1427 ad
572 1397 699 1428 Muret.
726 1396 804 1428 Vol.
825 1396 866 1427 ΙΙ.
894 1397 1037 1436 pag.‘72.

122 1440 275 1471 —vs.9.
303 1449 366 1480 pro
387 1442 605 1482 praesertim
638 1443 772 1473 rectius
799 1443 915 1473 fuerat
937 1443 1104 1483 inprimis
1128 1442 1186 1473 vel
1218 1443 1390 1475 mccoeime.
1427 1442 1471 1473 cf.
1497 1441 1539 1473 ad

257 1486 382 1517 Muret.
409 1486 542 1518 Vol.11.
556 1494 633 1527 pag.
649 1487 727 1518 211.

121 1546 166 1553 —
182 1530 288 1561 —29.
313 1531 612 1573 chalcoyraphos.
658 1532 738 1563 Vid.
765 1532 860 1562 infra
884 1531 928 1562 ad
953 1539 1033 1572 pag.
1060 1533 1113 1562 ed.
1140 1541 1192 1572 pr.
1211 1533 1284 1570 192,
1310 1533 1365 1563 20.

120 1574 153 1607 2.
181 1591 218 1598 -
236 1578 271 1608 5.
296 1578 529 1617 peculiarem.
576 1577 687 1608 Immo
712 1578 944 1618 separatam,
969 1579 1206 1618 sinyularem.
1245 1578 1290 1608 cf.
1315 1576 1444 1608 Krebs.
1469 1577 1489 1608 Ι.
1515 1578 1539 1608 1.

258 1623 428 1661 pag..57s.
450 1631 501 1661 sq.
529 1625 563 1653 et
588 1623 681 1653 infra
705 1623 759 1659 38,
783 1622 838 1652 14.
864 1622 919 1661 44,
946 1622 998 1653 15.
1033 1623 1224 1653 Praeterea
1242 1623 1291 1653 ad
1308 1623 1442 1654 calcem
1469 1631 1540 1653 nun

258 1667 347 1697 hene
379 1669 524 1707 scripsit
554 1668 808 1706 xvyttenbach.
866 1667 1023 1698 vehebat
1061 1669 1100 1699 in
1134 1669 1296 1699 emtremo
1336 1667 1429 1698 libro
1469 1667 1540 1705 vel,

257 1713 423 1751 quoniam
448 1714 568 1744 statim
593 1715 751 1753 seqnitur
775 1714 812 1743 in
837 1712 954 1754 libro,
979 1713 1191 1752 simpliciter
1214 1714 1252 1743 z'n
1277 1714 1452 1744 eam-emo,
1489 1713 1541 1743 De

258 1757 358 1788 calce
383 1757 451 1789 vid.
476 1758 606 1789 Krebs.
625 1758 685 1788 l.l.
714 1765 790 1796 pag.
810 1758 885 1787 199.

125 1802 265 1833 --9.
290 1802 442 1833 scholia.
490 1803 570 1834 Vid.
597 1804 689 1833 iufra
714 1803 755 1832 ad
783 1810 860 1841 pag.
887 1802 940 1832 ed.
967 1803 1078 1841 princ.
1098 1801 1154 1841 51,
1178 1802 1210 1832 3.

120 1862 165 1871 -—
181 1864 218 1870 —-
234 1845 288 1879 10.
314 1855 394 1878 cum
420 1848 497 1887 ipso
514 1865 549 1870 —
566 1849 812 1888 perpetuitate
836 1856 880 1878 uc
903 1846 978 1887 filo.
1032 1849 1091 1878 Sic
1122 1847 1176 1878 ed.
1203 1847 1312 1887 princ.
1337 1848 1478 1888 Bergm.
1505 1849 1542 1879 et

255 1891 485 1923 Lindemann.
536 1894 705 1933 Equidem
731 1893 789 1922 edi
813 1894 985 1923 iusseram
1011 1900 1091 1924 cum
1121 1894 1200 1933 ipsa
1226 1896 1295 1923 etc.
1320 1893 1384 1924 sed
1409 1901 1541 1934 operae

256 1945 327 1968 non
353 1942 557 1976 paruerunt.

120 1982 288 2013 ——21.
316 1981 483 2014 Octobre.
517 1982 664 2014 Octobri
688 1982 915 2013 scribendum
940 1981 1050 2012 fuisse
1074 1981 1162 2012 satis
1191 1984 1345 2015 constat.

123 2053 202 2087 Pag.
212 2053 259 2080 ed.
270 2053 367 2086 princ.

121 2095 155 2126 2.
170 2103 222 2126 vs.
238 2095 293 2126 14.
319 2103 398 2126 eum
423 2094 568 2136 ubique,
594 2096 668 2126 tum
692 2095 915 2134 praesertim
947 2095 985 2124 ἰη
1009 2094 1139 2125 nostra
1164 2094 1338 2125 Βαίαυὶα.
1386 2094 1446 2125 Sic
1471 2094 1540 2125 dici

257 2148 363 2171 nemo
389 2141 558 2171 hactenns
585 2140 734 2178 [adhuc]
761 2140 1022 2173 animadvertit,
1049 2146 1163 2178 neque
1187 2139 1255 2169 dici
1280 2146 1385 2178 posse
1399 2139 1542 2172 videtur

257 2193 302 2216 ex
324 2187 468 2223 ingenio
490 2186 592 2215 vocis
615 2187 852 2225 praexerlz'm,
871 2191 959 2223 quae
984 2184 1108 2223 ubique
1133 2184 1309 2221 significat
1334 2184 1391 2215 καὶ
1414 2185 1541 2225 ταῦτα,

257 2231 397 2261 zumal.
446 2229 642 2261 Dicendum
676 2232 783 2269 igitur
808 2233 908 2260 erat:
944 2230 1021 2259 tum
1047 2230 1221 2270 maa-ime,
1247 2230 1302 2260 ve!
1329 2230 1403 2261 tum
1426 2239 1541 2270 prae-

255 2276 359 2315 cipue
372 2297 384 2317 ,
417 2276 473 2306 vel
499 2277 573 2306 tum
599 2277 782 2315 inprimis,
810 2274 890 2311 [vel
914 2275 989 2304 tum
1015 2274 1142 2310 etiam]
1179 2274 1239 2305 vel
1270 2275 1347 2306 tum
1371 2278 1541 2316 sequente

255 2321 486 2360 superlativo.
536 2320 823 2350 LUNDEMANN.

122 2379 161 2386 —-
182 2381 219 2389 —
234 2364 289 2396 16.
313 2374 379 2405 per
396 2366 578 2396 eruditum
604 2366 792 2396 terrarum
817 2364 945 2394 orbem.
980 2363 1058 2403 Ego
1083 2366 1135 2394 sic
1156 2366 1274 2402 potius
1297 2366 1541 2404 scripsissem:

253 2419 323 2451 per
355 2411 542 2442 terrarum
577 2410 720 2451 orbem,
753 2410 951 2448 ubieunque
983 2409 1116 2440 erudite·
1147 2410 1304 2440 homines
1335 2412 1443 2448 sunt,·
1482 2411 1540 2442 vel

258 2457 362 2486 etiam
395 2457 467 2485 sio:
513 2455 561 2486 ad
591 2464 710 2485 omne-s·
742 2456 816 2486 toto
847 2453 930 2485 orbe
961 2455 1149 2485 terrarum
1180 2455 1341 2486 eruditos
1371 2456 1539 2487 homines.

256 2501 334 2532 Vid.
362 2501 404 2532 ad
422 2498 1539 2542 Muret.v01.1.pag.212.Krebs.Antib.pag-560.sq.cf.

255 2546 350 2576 infra
373 2554 453 2586 pag.
470 2545 547 2582 232
560 2545 593 2575 3.

121 2591 154 2623 3.
172 2607 209 2614 -
236 2590 268 2620 3.
293 2592 364 2622 rite
388 2591 550 2622 laudavi.
596 2590 706 2621 Immo
730 2592 828 2622 oecte
851 2589 908 2619 vel
933 2590 1047 2628 potius
1078 2589 1196 2630 dique.
1243 2590 1330 2622 Nam
1354 2592 1426 2623 rite
1449 2590 1538 2631 apud

255 2639 397 2667 veteres
422 2644 491 2667 non
517 2637 594 2666 fere
619 2637 748 2675 legntur
772 2637 837 2667 nisi
866 2635 908 2664 de
932 2642 972 2665 re
1003 2642 1101 2665 more
1125 2636 1358 2677 institutoque
1381 2641 1536 2676 peracta.

123 2697 161 2704 -
183 2680 266 2711 -8,
292 2681 361 2722 ml,
387 2689 454 2720 quo
481 2683 583 2712 unice
609 2681 777 2712 delectari
794 2680 1110 2719 XVJttenbachium
1135 2681 1350 2720 videbimus,
1374 2683 1417 2713 ab
1443 2683 1538 2722 opti-

256 2727 322 2756 mis
362 2734 492 2765 prosae
534 2728 706 2757 orationis
749 2727 978 2765 scriptoribus
1019 2726 1128 2758 multo
1166 2727 1282 2760 minus
1314 2727 1536 2769 frequentari

256 2778 357 2812 quam
381 2772 489 2814 nihil,
514 2776 635 2804 notum
660 2774 715 2804 est
739 2772 912 2804 tironibus
936 2779 1085 2813 quoque.
