1833 3237
622 198 951 240 —31-

79 318 176 364 tere,
204 316 244 351 et
270 311 435 363 interea,
465 312 555 349 dum
580 315 683 350 forte
708 313 816 350 illius
837 312 1039 350 docendae
1065 323 1207 351 munus
1232 307 1495 363 offerretur‚*j

79 370 243 408 Graecis
271 379 408 406 rursus
436 369 569 406 Musis
598 369 765 416 operari,
795 379 1008 414 earumque
1038 370 1116 406 alio
1145 380 1193 406 ac
1220 380 1322 408 novo
1352 370 1393 407 in
1424 380 1494 407 ar-

79 429 268 474 gumento
298 435 435 462 nomen
465 436 576 462 suum
607 424 886 461 immortalitati
916 435 1161 461 consecrare.

190 482 290 518 Nam
329 492 445 527 quum
484 481 746 526 Epistolarum
788 480 1022 518 Criticarum
1053 482 1090 517 ei
1120 481 1285 518 materia
1323 482 1495 518 fuissent

79 537 277 584 principes
314 540 483 583 Poetae3
524 546 650 572 novae
689 536 764 572 sibi
795 537 1022 583 scriptionis
1062 542 1333 584 argumentum
1373 538 1497 586 elegit

79 594 294 640 principem
325 603 465 640 prosae
496 593 710 640 orationis,
741 593 1061 638 Philosophorum
1092 595 1237 639 Deum,
1280 595 1493 644 Platonem.

82 651 208 686 lluius
248 649 510 697 cognitionem
557 659 672 694 quum
720 649 834 696 pauci
876 649 1006 685 adhuc
1045 650 1275 696 attigissent
1316 649 1497 695 Literati,

80 715 243 752 eamque
272 707 371 753 fere,
398 709 441 741 ut
471 715 634 741 vacuam
667 705 977 752 possessionem,
1009 705 1260 752 Philosophis
1290 706 1496 752 relinque-

79 765 189 807 rent,
228 764 268 797 et
303 761 402 807 ipsis
438 770 523 797 eam
555 770 641 796 cum
672 761 940 807 infrequenter
981 761 1224 807 colentibus,
1257 765 1333 797 tum
1365 762 1502 798 illibe-

79 817 215 853 raliter
244 819 283 853 et
313 817 470 853 inficete
499 827 547 852 ac
577 816 663 852 sine
694 817 931 853 Graecarum
962 816 1129 853 scientia
1172 818 1372 853 literarum
1413 820 1501 852 tra-<-

79 872 300 920 etantibus,
342 876 385 907 ut
429 872 601 907 auctoris
640 873 875 907 sententiam
908 874 957 907 ad
995 873 1282 918 ineptissimum
1322 873 1502 919 quodque

79 931 336 966 commentum
368 927 664 973 detorquerent,
689 930 728 962 et
758 938 780 962 a
811 937 1000 976 germano
1031 929 1115 964 veri
1144 930 1349 974 pulei-ique
1380 939 1501 964 sensu

78 984 125 1020 ad
165 984 425 1020 scholasticas
463 994 592 1031 nugas
632 987 931 1029 converterent3
980 985 1241 1021 Ruhnkenius
1281 985 1327 1019 ad
1368 995 1501 1020 veram

79 1040 372 1089 grammaticam
420 1040 809 1087 interpretationem,
858 1041 981 1076 solam
1032 1044 1163 1076 certae
1211 1041 1500 1088 intelligentiae

81 1097 345 1145 effectricem,
383 1095 529 1142 primus
569 1098 607 1130 et
646 1096 804 1143 signum
844 1097 1028 1142 sustulit,
1071 1099 1109 1132 et
1150 1097 1254 1132 viam
1296 1097 1499 1144 patefecit,

80 1154 395 1199 patefactamque
424 1151 651 1199 illustravit,
682 1152 787 1188 edito
818 1153 1177 1198 eruditissimisque
1208 1152 1500 1188 commentariis

81 1211 217 1245 ornato
246 1207 510 1253 explicitoque
531 1207 681 1243 Timaei
703 1208 851 1244 Lexico
873 1209 1025 1244 Vocum
1047 1209 1344 1245 Platonicarum.
1377 1208 1500 1244 Cuius

79 1264 168 1301 libri
196 1262 463 1309 ,editionisque
493 1262 667 1310 materia,
700 1264 773 1310 vis,
805 1274 922 1313 usus,
953 1264 1197 1311 praestantia
1226 1274 1300 1309 quo
1331 1273 1500 1299 accura-
1512 1260 1572 1299 49

81 1320 161 1357 tius
200 1323 486 1369 cognoscatur,
526 1329 670 1367 operae
711 1320 875 1367 pretium
915 1323 998 1369 est,
1043 1320 1130 1357 eius
1169 1320 1228 1356 rei
1259 1320 1447 1356 rationem
1477 1330 1502 1355 a

80 1376 274 1424 principio
302 1378 493 1423 repetere.

193 1434 228 1470 Ε
259 1432 421 1469 Graecis
451 1431 740 1479 scriptoribus,
771 1433 930 1481 Poetis,
962 1432 1197 1481 Historicis,
1234 1431 1503 1479 Philosophis,

83 1489 329 1536 Oratoribus,
359 1488 557 1535 principes
587 1489 832 1537 ingeniorum
865 1493 1088 1536 censentur,
1120 1500 1206 1525 eum
1229 1492 1371 1533 aetate,
1402 1499 1502 1534 quae

83 1547 131 1582 ab
161 1546 330 1582 Homero
360 1545 406 1580 ad
436 1546 551 1581 finem
582 1547 665 1582 fere
694 1547 807 1592 primi
839 1551 926 1592 post
951 1546 1220 1582 Alexandrum
1244 1545 1500 1581 Macedonem

85 1601 238 1638 saeculi
267 1602 361 1637 fuit:
392 1604 472 1637 tum
494 1602 743 1650 auctoritate,
777 1613 890 1647 quam
910 1603 1161 1638 obtinuerunt
1180 1603 1280 1647 apud
1302 1601 1503 1647 posterio-

84 1668 172 1706 res,
213 1657 279 1703 qui
318 1667 363 1693 se
401 1657 450 1691 ad
488 1658 643 1693 illorum
675 1659 893 1703 exemplum
930 1660 1254 1704 composuerunt,
1293 1667 1505 1702 eorumque

84 1714 231 1760 scripta
260 1713 308 1748 ad
340 1712 503 1749 aliorum
532 1713 832 1761 intelligentiam
864 1714 1110 1760 interpretati
1139 1717 1241 1748 sunt.
1300 1715 1505 1758 Interpre-

86 1770 193 1807 tandi
226 1769 335 1805 varia
366 1769 525 1805 fuerunt
553 1778 722 1815 genera:
754 1780 872 1804 unum
905 1770 1060 1814 quidem
1091 1769 1271 1804 omnibus
1301 1778 1506 1804 commune

84 1821 388 1873 interpretibus,
428 1824 529 1870 quod
566 1826 738 1860 refertur
786 1824 835 1860 ad
874 1825 1078 1860 scientiam
1125 1823 1314 1859 materiae
1349 1824 1389 1860 in
1429 1834 1506 1870 qua

86 1885 267 1918 versatur
305 1883 461 1925 auctor3
502 1880 625 1916 veluti
665 1881 891 1927 Philosophi
922 1881 1140 1928 interpres,
1172 1880 1337 1928 ignarus
1369 1880 1506 1917 Philo-

85 1938 270 1986 sophiae,
310 1940 378 1973 aut
417 1936 566 1973 Medici
604 1937 821 1984 interpres,
862 1937 1090 1972 Medicinae
1126 1937 1352 1985 imperituS,
1393 1946 1506 1972 nemo

86 2004 177 2031 esse
219 1995 360 2039 potest.
427 1992 521 2028 Alia
564 1993 721 2027 fuerunt
759 2001 908 2040 genera
952 1992 1109 2027 diversa
1148 1993 1259 2028 modo
1300 1995 1337 2028 et
1378 2003 1505 2041 argu-

88 2054 229 2086 mento.
287 2048 480 2084 Rhetores
508 2047 752 2092 eloquentiae
793 2048 998 2084 artificium
1040 2048 1302 2093 explicabant.
1360 2050 1505 2085 Gram-

88 2105 222 2154 matici
260 2104 381 2140 verba
421 2104 596 2140 obsoleta
635 2114 685 2139 ex
722 2104 882 2151 linguae
921 2104 1110 2149 scientia,
1144 2114 1208 2140 res
1239 2105 1427 2140 obscuras
1458 2113 1507 2139 ex

87 2161 289 2199 Historiae
306 2163 344 2196 et
365 2159 625 2205 Antiquitatis
646 2160 871 2207 cognitione
897 2160 1161 2197 illustrabant.
1192 2160 1329 2197 Critici
1351 2164 1508 2195 utrum-

88 2228 164 2264 que
192 2226 334 2253 munus
364 2219 404 2252 et
432 2217 645 2253 Rhetorum
677 2220 716 2251 et
747 2217 1093 2252 Grammaticorum
1133 2216 1505 2262 complectebantur,

88 2283 136 2310 ac
163 2273 319 2309 tertium
349 2272 623 2318 propriumque
653 2272 905 2307 assumebant
926 2282 1065 2307 munus
1088 2271 1288 2307 iudicandi
1310 2271 1375 2317 qui
1407 2271 1507 2307 liber

88 2330 279 2376 locusque
306 2338 517 2377 germanus
556 2329 747 2373 cuiusque
775 2327 961 2363 Auctoris
1005 2327 1239 2375 spuriusve,
1281 2327 1348 2373 qui
1385 2338 1506 2363 sanus

89 2386 352 2423 mendosusve
381 2387 509 2431 esset3
536 2387 578 2419 ut
608 2384 784 2428 spurium
814 2384 1083 2434 confutarent,
1114 2385 1338 2420 mendosum
1367 2394 1508 2421 emen-

89 2515 119 2557 ‘)
143 2520 254 2558 Quam
278 2517 570 2550 Hemsterhusius
592 2526 692 2557 spem
718 2517 949 2558 conceperat,
972 2518 1053 2550 fore
1077 2520 1115 2549 ut
1139 2517 1372 2550 Ruhnkenius
1398 2517 1511 2549 luris-

137 2563 347 2604 prudentiae
373 2562 563 2595 cathedrae
586 2564 842 2604 imponeretur,
868 2571 944 2595 eam
970 2564 1158 2595 frustravit
1181 2566 1342 2594 eventus.
1368 2564 1510 2594 Mortuo

140 2611 232 2641 enirn
257 2618 289 2641 a.
318 2608 414 2640 1754.
461 2608 670 2648 Vryhoffio‚
703 2617 829 2640 munus
860 2609 982 2639 ambiit
1005 2609 1144 2648 quidem
1169 2608 1421 2646 Rubnkentus,
1445 2607 1511 2639 sed

141 2653 326 2686 Professor
349 2655 492 2685 creatus
516 2654 584 2683 fuit
608 2654 764 2685 Barthol.
790 2654 942 2692 Sieben‚
974 2655 1074 2684 cuius
1099 2653 1198 2684 nulla
1222 2654 1258 2684 in
1283 2662 1358 2685 rem
1383 2654 1510 2684 litera-

142 2699 231 2728 riam
255 2699 445 2730 exstabant
468 2700 594 2729 merita
619 2702 763 2736 praeter
787 2706 931 2730 carmen
954 2699 990 2728 in
1017 2698 1151 2729 laudem
1178 2698 1215 2728 P.
1240 2699 1442 2730 Burmanni.
1471 2713 1507 2719 —

142 2741 233 2773 'Pam
255 2750 377 2782 parum
400 2750 508 2781 saepe
532 2743 643 2773 valuit
673 2743 904 2783 eruditionis,
928 2744 1084 2782 quamvis
1108 2742 1196 2774 haud
1225 2743 1383 2785 vulgaris
1409 2749 1510 2774 com-

141 2785 331 2818 mendatio.
378 2788 618 2818 BERGMAN.
