1833 3237
844 218 1119 258 *54-

274 349 418 389 rogans
449 337 576 382 simul,
608 339 651 371 ut
672 335 823 370 domum
858 331 1170 377 famulitiumque
1199 331 1447 380 conduceret,
1479 341 1526 367 ac
1548 330 1688 377 supel-

274 397 443 433 lectilem
473 391 727 438 prospiceret.
785 389 1044 426 Ruhnkenius
1086 388 1159 423 noc
1191 387 1324 422 nuntio
1354 387 1505 433 laetus,
1545 388 1687 423 confe-

272 453 360 488 stim
392 448 521 485 omnia
561 450 600 483 et
628 450 811 492 procurat
854 450 892 481 et
923 446 1058 482 efficit.
1119 445 1278 479 Interea
1310 443 1456 478 mensis
1485 454 1610 489 unuS,
1652 446 1690 477 et

206 509 363 546 SSitem
396 505 516 552 alter,
548 506 586 539 et
614 503 761 550 plures,
795 512 867 538 nec
898 501 1071 538 Ritterus
1101 499 1230 535 venit:
1257 500 1403 534 frustra
1430 500 1477 534 ab
1508 500 1688 534 omnibus

278 565 548 608 exspectatur,
579 569 653 594 nec
678 558 914 595 Ruhnkcnio
935 556 1100 592 subinde
1123 554 1309 591 scribenti
1340 565 1388 589 ac
1415 564 1545 590 morae
1567 565 1689 589 caus-

278 629 344 654 sas
375 614 578 662 quaerenti
608 614 840 660 respondet:
885 613 1039 648 tandem
1070 611 1232 647 veniunt
1263 611 1349 646 eius
1380 610 1519 657 literae
1548 609 1689 645 eondi-

278 675 422 710 tionem
452 671 749 716 renunciantis3
779 669 933 705 scilicet
960 678 1120 704 uxorem
1152 677 1262 702 suam
1291 666 1394 702 nullo
1416 666 1527 702 modo
1548 665 1691 700 adduci

277 730 456 777 potuisse
486 732 527 763 ut
557 737 691 763 secum
721 726 760 761 in
782 725 983 761 Bataviam
1015 724 1180 770 veniret,
1210 722 1314 757 illam
1345 725 1461 758 antea
1482 721 1691 757 consilium

272 784 534 834 accipiundae
575 792 700 818 novae
739 780 920 816 stationis
960 780 1168 825 probasse,
1208 780 1346 823 postea
1375 787 1536 823 prorsus
1566 777 1614 811 ab
1646 786 1692 811 eo

279 842 538 877 abalienatam
569 848 679 873 esse:
725 847 769 872 se
798 835 952 881 quidem
985 837 1117 870 facere
1149 843 1222 869 non
1253 842 1392 880 posse,
1432 833 1523 878 quin
1555 831 1693 868 uxoris

279 896 472 933 voluntati
514 895 587 930 hoc
627 894 711 938 det,
750 893 864 936 eique
904 893 1155 936 obsequatur.
1214 888 1289 932 Qui
1319 889 1439 924 suerit
1470 887 1697 925 Ruhnkenii

280 953 408 999 dolor,
459 950 525 996 qui
564 950 726 985 aliorum
769 958 911 983 sensus
950 951 989 983 et
1028 946 1270 993 indignatio,
1320 945 1367 979 ab
1408 944 1477 980 illa
1519 943 1695 990 potiundi

280 1007 425 1045 Ritteri
463 1016 533 1051 spe
574 1005 837 1053 deiectorum,
887 1003 1036 1038 reterre
1076 1012 1150 1036 non
1191 1004 1251 1036 est
1288 1010 1401 1045 opus,
1460 1001 1523 1036 Ad
1561 999 1696 1035 uxoris

282 1063 449 1098 animum
481 1071 503 1095 a
532 1062 683 1097 Batava
722 1059 945 1094 conditione
984 1056 1235 1092 avertendum
1278 1065 1378 1100 quae
1413 1065 1579 1090 caussae
1618 1065 1694 1090 va-

282 1119 472 1162 luissent,
510 1116 578 1151 alii
607 1116 709 1151 alias
738 1114 1063 1160 suspicabantur:
1101 1112 1140 1148 in
1182 1111 1323 1157 quibus
1364 1111 1460 1146 haec
1490 1111 1529 1146 in
1561 1109 1696 1157 primis

281 1174 394 1210 fidem
425 1172 588 1209 invenit.
647 1172 698 1208 Ut
737 1171 863 1206 solent
903 1169 1079 1205 homines
1109 1177 1275 1215 peregre
1313 1167 1528 1212 profecturi
1567 1176 1695 1212 quae—

283 1240 371 1266 rere
401 1239 450 1265 ex
481 1228 570 1263 aliis
602 1227 650 1263 de
679 1227 843 1274 regione
874 1235 986 1271 quam
1018 1227 1166 1271 petunt,
1196 1223 1392 1269 multaque
1422 1223 1461 1258 in
1492 1225 1697 1267 utramque

280 1289 426 1332 partem
457 1284 605 1327 audire,
634 1283 689 1319 ita
718 1281 870 1318 mulieri
902 1284 1081 1316 narratur
1109 1284 1186 1315 tam
1217 1289 1307 1314 esse
1335 1279 1532 1315 diversam
1562 1289 1585 1313 a
1615 1280 1696 1314 Sa·-

280 1341 400 1378 xonia
441 1340 643 1377 Bataviam
684 1338 786 1374 coeli
825 1341 863 1373 et
903 1337 1008 1373 aeris
1046 1335 1254 1382 temperie,
1301 1335 1496 1371 hominum
1535 1335 1619 1370 vita
1657 1338 1698 1370 et

282 1398 468 1448 moribus,
499 1396 666 1432 omnium
697 1404 824 1430 rerum
855 1393 1029 1438 ratione,
1059 1396 1101 1429 ut
1130 1391 1206 1438 ipsi
1236 1391 1340 1428 inter
1370 1393 1542 1427 Batavos
1574 1390 1697 1426 Bata—-

283 1463 433 1499 vasque
463 1452 544 1488 vita
573 1461 708 1498 parum
739 1450 874 1486 vitalis
887 1447 927 1497 ¹⁸)
968 1449 1104 1485 sutura
1133 1451 1261 1484 esset:
1301 1447 1449 1483 addunt
1478 1446 1698 1492 exemplum

282 1510 332 1545 de
362 1519 484 1545 uxore
515 1507 741 1555 lleineccii,
773 1505 838 1552 qui
867 1507 1158 1551 Franequeram
1189 1505 1390 1550 profectus
1421 1502 1589 1538 delatam
1619 1501 1698 1548 ipsi

281 1563 618 1611 Iurisprudentiae
657 1563 882 1599 cathedram
925 1572 1000 1597 non
1041 1561 1116 1597 nisi
1155 1562 1274 1597 breve
1313 1563 1465 1605 tempus
1504 1562 1699 1606 tenuerat,

282 1631 398 1667 quum
429 1621 514 1656 eius
545 1619 675 1655 taedio
705 1628 754 1654 ex
783 1618 951 1653 adversa
981 1617 1107 1664 ipsius
1128 1616 1344 1651 valitudine
1375 1619 1413 1651 et
1443 1618 1565 1651 morte
1594 1623 1702 1650 uxo-

283 1678 338 1713 ris
368 1679 577 1722 concepto,
609 1675 851 1710 Germaniam
883 1676 1102 1719 repeteret:
1134 1682 1219 1708 nam
1251 1681 1370 1716 uxor,
1401 1675 1444 1707 ut
1471 1671 1569 1717 ipse,
1599 1671 1702 1707 Fra-

226 1733 278 1770 89
293 1742 485 1778 nequerae
515 1732 554 1767 in
583 1731 860 1766 incommodam
892 1729 1170 1774 valitudinem,
1211 1728 1280 1763 sed
1311 1732 1349 1763 et
1380 1738 1427 1763 ex
1457 1727 1566 1763 illius
1597 1727 1702 1762 vitae

283 1792 322 1824 et
352 1797 494 1823 morum
526 1787 734 1822 insolentia
763 1786 802 1821 in
833 1776 951 1820 aninii
982 1783 1261 1831 aegrimoniam
1292 1783 1453 1831 incidit,
1486 1788 1528 1819 ut
1560 1783 1702 1828 paula-

286 1843 352 1879 tim
384 1843 535 1878 viribus
565 1842 772 1888 deficeret,
812 1840 981 1886 denique
1020 1850 1068 1875 ex
1099 1843 1213 1885 partu
1244 1839 1381 1874 obiret.
1438 1840 1499 1874 Ita
1530 1838 1700 1886 Lugdu-

285 1900 478 1936 nobatava
516 1897 732 1933 Academia
771 1898 958 1932 frustrata
998 1899 1060 1931 est
1107 1896 1194 1930 luce
1233 1894 1394 1939 Ritteri‚
1448 1894 1566 1930 huius
1604 1903 1701 1942 erga

286 1965 444 1991 uxorem
485 1953 758 2001 indulgentia,
800 1962 874 1988 non
915 1951 1049 1987 malam
1098 1951 1252 1996 quidem
1293 1951 1418 1995 illam,
1469 1949 1539 1985 sed
1576 1949 1614 1985 in
1654 1960 1701 1985 eo

284 2010 664 2057 reprehendendam,
711 2008 813 2054 quod
853 2007 985 2043 mallet
1023 2007 1287 2053 imperitorum
1330 2006 1521 2041 hominum
1564 2016 1704 2041 narra-

285 2066 494 2112 tiunculis,
526 2075 639 2111 quam
668 2064 826 2107 marito,
857 2063 1041 2109 eredere,
1072 2072 1165 2098 vere
1187 2063 1223 2098 ei
1253 2073 1301 2098 ex
1323 2061 1547 2098 Ruhnkenii
1577 2060 1702 2098 literis

287 2123 499 2158 affirmanti
520 2121 754 2168 Lugdunum
777 2120 815 2155 in
847 2119 982 2164 primis
1012 2128 1103 2153 esse
1125 2119 1257 2154 urbem
1280 2119 1392 2164 copia
1414 2117 1701 2153 instrumento-

288 2189 363 2224 que
381 2178 487 2214 vitae
509 2177 683 2212 suaviter
694 2175 970 2220 commodeque
988 2174 1192 2221 degendae
1212 2174 1485 2218 abundantem,
1507 2184 1592 2209 cum
1613 2173 1702 2208 aliis

288 2234 466 2269 omnibus
485 2234 523 2269 in
544 2234 674 2275 rebus,
696 2236 774 2266 tum
794 2231 938 2266 civium
955 2230 1159 2274 utriusque
1180 2239 1300 2265 sexus
1322 2229 1503 2264 comitate
1521 2231 1559 2263 et
1577 2229 1700 2263 urba-

291 2289 426 2336 nitate,
458 2289 523 2324 vix
547 2292 590 2323 ut
609 2288 679 2324 ulli
704 2286 1106 2333 frequentissimarum
1129 2285 1279 2320 urbium
1305 2285 1379 2320 hac
1397 2284 1512 2320 laude
1532 2283 1702 2319 cederet.

401 2343 662 2380 Ruhnkenius
710 2354 777 2388 per
828 2345 991 2387 quatuor
1039 2351 1162 2377 annos
1203 2341 1422 2376 obtinuerat
1462 2339 1700 2385 provinciam

290 2400 468 2437 Lectoris
507 2409 651 2447 magna
690 2409 774 2434 cum
813 2398 1032 2433 industriae
1080 2397 1358 2442 doctrinaeque
1397 2395 1533 2441 laude,
1587 2405 1701 2440 quum

291 2455 588 2501 Oudendorpius
619 2455 797 2490 moritur:
833 2453 893 2488 cui
926 2463 1013 2488 mox
1043 2453 1167 2488 veluti
1198 2452 1246 2487 de
1275 2452 1360 2487 iure
1390 2454 1430 2487 et
1459 2455 1585 2497 pacm,
1627 2451 1703 2485 ad-

290 2512 450 2548 iuvante
480 2511 519 2546 in
550 2510 684 2557 primis
715 2509 1033 2554 nemsterhusio‚
1063 2507 1239 2543 succedit
1269 2508 1309 2543 in
1340 2506 1535 2543 ordinaria
1563 2506 1705 2541 Histo-

291 2567 433 2603 riarum
478 2569 515 2601 et
555 2565 812 2612 Eloquentiae
850 2563 1116 2610 professione:
1158 2573 1320 2608 eamque
1359 2572 1493 2598 mense
1522 2564 1706 2607 Septem-

291 2623 360 2658 bre
390 2623 481 2657 anni
511 2622 548 2656 h.
578 2633 610 2657 s.
640 2621 880 2669 sexagesimi
913 2624 951 2656 et
981 2619 1094 2666 primi
1124 2619 1351 2664 auspicatur
1390 2618 1494 2653 dicta
1528 2618 1706 2654 oratione

291 2709 322 2746 'J
347 2710 450 2740 Ennii
472 2713 526 2740 est
541 2710 620 2740 vita
637 2708 760 2740 vitalis
779 2707 868 2748 [βίος
883 2706 1022 2748 βιωτός]
1041 2705 1115 2737 Cic.
1134 2706 1231 2736 Lael.
1249 2706 1280 2735 6.
1306 2704 1490 2735 deductum
1507 2711 1548 2733 cx
1565 2703 1704 2735 Graeco

338 2755 576 2785 Philemonis:
614 2750 731 2790 ‘Hstaezg
765 2752 797 2783 δ’
827 2750 974 2793 ἀβίωτον
1011 2749 1116 2787 ζῶμεν
1149 2747 1332 2793 ἅνθρωποι
1363 2749 1448 2789 βίον.
1511 2747 1563 2779 Cf.
1599 2748 1704 2779 Ennii

336 2800 459 2838 fragm.
486 2798 538 2830 ed.
566 2798 703 2829 flesset.
729 2806 760 2837 p.
787 2797 862 2827 332.
913 2795 1195 2827 LNDEMANN.
