1833 3237
629 221 962 261 *9⁰7-

91 333 252 380 quidem
272 342 366 369 vera
394 332 564 368 amicitia
595 333 738 369 nullam
762 335 855 369 vfert
884 337 1214 386 dmxmpexaulowj
1243 338 1395 374 nullam·
1416 350 1502 376 ma·-

89 389 361 434 lectitantium,
407 389 549 424 nullam
579 389 777 435 invidiam,
808 389 1030 426 irrisionem
1053 392 1209 430 nullam.
1236 411 1240 414 ·
1269 396 1354 431 Hoc
1386 405 1501 431 unum

0 433 16 487 {2²
91 445 198 481 satis,
220 444 412 480 valuisset
439 444 488 480 ad
527 444 775 479 domesticae
802 445 1034 482 calamitatis
1073 458 1230 484 sensum
1267 451 1502 498 augendum,
1532 457 1537 462 ‘

0 487 8 538 ,Γ
91 500 175 536 nisi.
194 502 301 536 tanta
330 500 413 546 ipse
434 500 584 535 fuisset
604 500 725 535 -animi
751 502 982 538 constantia.
1049 501 1147 543 Quid
1177 504 1320 552 igitur?
1348 508 1506 554 cognita

0 545 2 550 ¹
89 557 252 592 istorum
292 556 483 602 perfidia‚-
516 556 620 591 hunc
658 555 828 592 dolorem
867 559 1135 605 magnitudine
1176 560 1322 597 veteris
1362 561 1509 600 dolori's‘

0 623 8 660 ι
89 612 291 656 obruebat,
322 612 479 657 Ulyssis
492 608 530 658 *J
561 611 751 658 exemplo,

258 691 419 738 Στῆθος
448 687 486 725 δὲ
515 684 682 738 πλήξας,
713 691 869 740 κραδίην
898 688 1061 740 ἠνίπαπε
1089 687 1232 741 μύθῳ·

266 745 433 782 Τέτλαθι
463 739 521 793 δὴ,
551 745 705 794 κραδίη,
736 746 798 783 καὶ
828 746 1000 796 κύντερον
1031 742 1125 786 ἄλλο
1154 747 1238 785 ποτ’
1272 748 1387 800 ἔτλης.

0 795 6 811 l

0 814 6 838 Ρ
199 833 462 871 Ruhnkenius
489 834 709 871 intermissa
728 834 947 871 Literarum
970 836 1099 871 studia
1120 842 1301 882 repetens
1321 839 1505 888 (1772),

0 871 4 889 ³
87 889 242 924 Velleio
270 890 503 934 praecipuas
534 891 666 926 tribuit
690 894 834 935 parum,
850 891 912 926 cui
935 892 1087 927 edendo
1106 892 1179 927 iam
1203 895 1347 938 pridem
1366 897 1499 939 proxi-

0 923 10 980 }
86 954 188 980 mum
221 944 400 989 quodque
430 945 697 981 destinaverat
725 948 899 990 tempus:
941 957 1013 981 nec
1044 951 1171 982 tamen
1202 957 1299 994 opus
1329 961 1405 986 uno
1438 956 1501 987 te-

0 982 11 1066 }
87 1009 182 1036 nore
221 1003 364 1047 urget,
404 1000 451 1035 ad
484 1001 591 1036 aliud
632 1001 820 1046 deinceps
861 1004 900 1036 et
928 1002 1036 1038 aliud
1065 1003 1263 1050 inductus,
1310 1008 1502 1052 tamquam

85 1056 177 1091 viae
212 1056 508 1102 diverticulum3
550 1067 637 1092 cum
678 1057 727 1091 ad
754 1057 1033 1102 'locupletanda
1063 1059 1321 1105 poliendaque
1353 1065 1501 1109 vetera,

86 1111 290 1156 Epistulas
319 1111 489 1148 criticas
521 1115 560 1147 et
589 1113 804 1157 Timaeum,
835 1116 913 1148 tum
947 1114 996 1148 ad
1027 1116 1168 1150 affecta
1198 1117 1446 1164 perficienda,
1461 1119 1500 1154 in

86 1167 228 1212 quibus
259 1170 370 1203 erant
393 1167 432 1203 in
462 1168 596 1213 primis
626 1169 832 1216 Longinus
862 1171 900 1204 et
925 1170 1170 1206 scholiastes
1186 1172 1371 1211 Platonis.
1401 1175 1501 1210 Nam

85 1222 246 1258 Scholia
275 1223 466 1258 Veterum
498 1225 842 1260 Grammaticorum
874 1225 914 1260 in
946 1224 1222 1274 Platonem,**)
1254 1238 1354 1272 quae
1374 1231 1503 1266 adhuc

84 1278 193 1314 nulla
223 1281 334 1315 erant
362 1278 481 1325 edita,
524 1279 594 1315 sed
625 1279 664 1315 in
696 1279 902 1315 codicibus
933 1282 1092 1327 scriptis
1124 1283 1186 1317 vel
1218 1285 1498 1334 peculiaribus,
1531 1293 1612 1329 163

84 1334 148 1374 vel
179 1333 409 1382 Blatouicis,
456 1338 626 1383 exstant,
657 1345 802 1383 magna
834 1346 920 1371 cum
952 1347 1057 1379 cura,
1091 1339 1268 1375 omnibus
1301 1341 1384 1376 t'ere
1413 1344 1502 1378 Eu-

74 1399 200 1436 -ropae
230 1400 279 1426 ex
308 1391 560 1427 bibliothecis
585 1391 813 1439 collegerat,
842 1402 966 1438 eaque
995 1404 1113 1429 unum
1144 1395 1183 1430 in
1214 1405 1354 1440 corpus
1382 1397 1503 1445 dige-

83 1456 172 1482 rere
202 1448 240 1482 et
270 1448 556 1484 commentariis
586 1447 786 1483 illustrare
816 1450 1082 1486 constituerat.
1142 1451 1301 1486 Accidit
1332 1455 1438 1501 tunc,
1459 1457 1501 1489 ut

59 1503 123 1551 „0¹
163 1502 218 1537 nil
256 1503 624 1548 tale-exspectanti
663 1503 803 1539 literae
848 1504 1103 1540 redderentur
1142 1508 1311 1542 Parisini
1343 1509 1500 1545 iuvenis

84 1557 215 1593 adhuc
243 1558 323 1603 ipsi
352 1558 492 1605 ignoti,
524 1559 751 1606 Villoisoni‚
782 1559 1030 1596 Scholiorum
1067 1562 1218 1597 illorum
1250 1565 1502 1601 accessiones

84 1613 295 1661 mittentia,
334 1616 531 1650 caeterum
572 1615 784 1651 scribentis
812 1626 855 1651 se
898 1617 1097 1661 Apollonii
1136 1618 1310 1654 Lexicon
1353 1621 1502 1656 Home-

84 1669 206 1704 ricum
220 1665 301 1716 ***)
331 1670 551 1715 propediem
583 1670 712 1716 edere,
745 1674 782 1706 et
822 1680 934 1716 porro
963 1673 1125 1708 Graecis
1157 1674 1303 1709 Literis
1333 1677 1501 1722 operari,

84 1725 362 1771 constituisse3
393 1725 516 1772 igitur
545 1726 751 1771 utriusque
781 1727 971 1772 propositi
991 1728 1065 1763 rite
1092 1730 1319 1773 perficiendi
1336 1742 1379 1766 se
1402 1742 1501 1767 con—

83 1780 221 1818 silium,
243 1781 512 1826 rationemque
551 1782 667 1817 unice
707 1792 730 1816 a
759 1783 997 1818 Ruhnkenio
1029 1787 1227 1830 expetere.
1289 1788 1361 1821 llic
1391 1791 1499 1823 tanta

83 1835 498 1874 iuvenis-,eruditione
528 1840 566 1872 et
604 1837 845 1883 humanitate
875 1848 1114 1884 magnopere
1144 1840 1328 1888 laetatus,
1361 1842 1396 1877 ei
1428 1853 1502 1879 nee

84 1892 274 1928 monendo
313 1902 388 1928 nec
427 1893 602 1928 docendo
641 1892 780 1938 defuit,
819 1904 997 1941 eumque,
1038 1899 1222 1940 quantum
1255 1899 1392 1942 potuit,
1424 1909 1498 1936 non

84 1947 233 1983 destitit
260 1948 301 1984 in
331 1951 475 1984 rectam
507 1949 722 1984 studiorum
753 1950 855 1984 viam
886 1954 1130 1996 convertere,
1151 1952 1323 1987 relictam
1344 1955 1390 1989 ab
1412 1955 1498 1991 eius

83 2003 237 2040 civibus
277 2004 351 2039 hoc
390 2004 572 2047 saeculo,
615 2004 685 2037 sed
727 2007 842 2038 antea
888 2005 1016 2040 tritam
1058 2010 1094 2041 et
1137 2008 1435 2058 frequentatam,
1477 2021 1514 2064 e·

83 2069 159 2104 qua
189 2059 399 2106 scaligeri,
429 2059 664 2105 casauboni,
695 2059 893 2107 Salmasii,
913 2061 1082 2107 valesii,
1101 2062 1245 2107 aliique
1272 2065 1380 2100 multi
1402 2077 1497 2111 pro-

83 2114 250 2159 dierunt,
289 2115 356 2160 qui
395 2119 431 2150 et
474 2115 639 2151 Galliam
682 2120 722 2150 et
764 2115 883 2150 bonas
926 2116 1079 2152 Literas
1118 2118 1376 2158 illustrarunt.
1444 2124 1495 2157 Et

83 2179 177 2205 vero
208 2170 248 2206 in
277 2170 368 2206 aliis
400 2172 586 2217 Europae
625 2171 852 2218 regionibus
884 2171 1048 2208 iuvenes
1079 2174 1296 2210 Literarum
1327 2177 1493 2212 studiosi

83 2225 301 2272 complures
339 2227 499 2262 excitati
538 2229 638 2261 fama
677 2237 724 2262 ac
760 2224 936 2264 doctrina
965 2230 1204 2278 Ruhnkenii‚
1237 2241 1281 2265 se
1320 2232 1366 2266 ad
1407 2232 1493 2268 eius

0 1257 13 1389 kmts'

95 2386 107 2399 “
147 2388 198 2419 od
228 2397 276 2420 ss.
301 2400 322 2421 v
358 2389 413 2421 17.

79 2391 122 2472 ’ὲ
146 2397 234 2464 Paiys
258 2411 378 2465 eoi-{zm
405 2436 484 2470 illa,
519 2444 606 2476 quae
631 2439 748 2467 exstat
781 2438 814 2468 in
840 2438 963 2469 codiee
991 2439 1140 2480 Veneto,
1165 2439 1297 2479 prodiit
1319 2449 1433 2479 nuper
1457 2443 1490 2473 ln

125 2478 263 2509 formae
287 2483 436 2510 octavae
460 2481 592 2518 libello,
618 2483 802 2520 inscripto,
828 2482 1013 2514 Amodata
1029 2484 1175 2516 Graeca
1201 2495 1219 2515 e
1240 2486 1489 2524 praestantis-

71 2544 74 2545 γ
124 2523 224 2553 simis
255 2523 479 2556 Italicarum
504 2526 804 2557 bibliothecarum
830 2528 1007 2558 codicibus
1031 2529 1225 2569 (les-crisis&
1249 2530 1377 2561 loann.
1406 2531 1490 2562 Plu·-

125 2567 214 2606 lz'pp.
237 2567 461 2602 Siebenlcees:
489 2571 601 2603 edidit
623 2572 659 2601 et
678 2572 875 2612 praelatus
899 2573 954 2603 est
977 2571 1106 2604 locam.
1132 2574 1261 2606 Adam.
1280 2574 1391 2607 Goez‘.
1416 2577 1490 2607 No-

124 2611 294 2650 rimberg.
321 2612 420 2644 1798.

81 2653 138 2696 m)
162 2656 297 2687 prodiit
329 2657 477 2689 Parisiis
510 2659 610 2689 1773.
643 2660 757 2689 forma
789 2663 925 2699 quarta.
980 2661 1049 2691 lam
1082 2665 1186 2693 autea
1220 2663 1390 2695 edendum
1421 2666 1489 2695 sibi

124 2703 313 2741 sumserat,
338 2707 374 2734 et
397 2703 509 2734 edidit
531 2712 625 2734 anno
652 2704 777 2745 1782„
794 2706 830 2734 in
855 2708 980 2736 octava
1005 2706 1129 2745 forma,
1155 2709 1377 2740 Hermannus
1401 2710 1488 2740 Tol-

125 2745 206 2820 Ιίιιε,
238 2747 294 2777 vir
325 2747 560 2789 doctissimus,
591 2748 762 2788 qnondam
796 2749 935 2788 collega
967 2758 1066 2782 meus
1101 2753 1136 2783 in
1172 2754 1486 2786 Amstelodamensi

124 2791 169 2820 At
195 2797 317 2823 enaeo.

1186 2843 1212 2878 '7
