1816 3233
865 212 910 223 -—
970 191 1166 235 208-

309 267 391 302 Pag.
399 266 446 295 ed.
455 264 550 300 princ.

309 308 505 342 277.vs.22.
530 307 569 337 in
594 303 740 336 Graeca
770 304 875 337 huius
896 305 1114 340 Academiae
1144 308 1331 341 cathedra.
1377 310 1475 349 Quod
1505 308 1716 342 cathedram

467 354 570 384 toties
595 353 628 381 in
655 351 721 382 iioc
744 350 863 383 libello
895 353 983 385 dixit
1015 354 1058 385 de
1092 355 1306 394 professoris
1339 364 1501 396 munere,
1542 357 1574 388 id
1608 358 1716 388 tacite

465 397 636 437 facileque
677 399 921 429 concessimus
928 408 940 438 3
989 399 1050 430 ned
1089 398 1234 431 Graeca
1274 401 1361 433 haec
1397 401 1717 442 Lugdonobatavae

464 443 675 475 Academiae
708 441 885 473 cathedra
915 446 971 475 est
1008 445 1172 483 profecto
1203 454 1304 486 quam
1334 447 1554 478 demiremur.
1610 446 1718 479 Certe

464 486 689 518 scribendum
723 491 802 519 erat
831 488 870 518 in
895 487 1125 521 Graecarum
1147 490 1341 522 literarum
1363 491 1403 522 in
1424 490 1493 522 hac
1516 490 1714 523 Academia

463 532 650 564 cathedra.
697 531 751 563 Cf.
776 541 884 570 supra
908 543 986 575 pag.
1003 535 1057 574 62,
1077 535 1129 566 18.
1154 537 1212 577 73,
1230 537 1282 568 13.
1307 537 1362 577 99,
1381 538 1414 567 3.
1437 537 1516 578 133,
1535 536 1565 568 1.
1587 537 1665 578 154,
1682 537 1714 568 4.

306 578 428 611 278.-
442 579 500 611 21.
525 578 575 609 ud
598 585 757 608 coenam.
803 579 926 610 Potius
950 587 1060 619 super
1084 588 1245 626 coenam,
1267 582 1363 614 inter
1388 589 1545 613 coenam.
1593 581 1646 614 Cf.
1671 583 1716 614 ad

465 625 592 655 Muret.
619 624 696 654 Vol.
723 623 764 654 ΙΙ.
791 632 866 664 pag.
891 626 944 655 98.

306 669 427 702 279.-
444 669 474 701 1.
499 669 684 710 eviyilans.
718 670 739 699 i.
767 677 797 699 e.
831 669 1088 714 eoeperrectus,
1125 680 1189 710 pro
1224 680 1290 713 quo
1320 672 1410 713 apud
1437 671 1718 712 Quinctiiianum‚

464 716 632 751 Plinium,
662 716 888 755 suetonium,
919 716 1009 747 aiios
1035 718 1132 747 huius
1156 720 1282 749 aetatis
1306 720 1520 759 scriptores,
1552 724 1718 749 nonnun-

464 769 563 801 quam
588 759 784 799 eviyilandi
808 762 907 791 verb.
934 762 1124 800 reperitur.

326 823 363 830 -
392 806 498 838 -14,
523 806 563 837 ut
586 805 692 835 semel
715 805 753 835 in
777 805 869 836 lecto
890 806 1032 844 positus
1055 807 1157 849 erat,
1181 807 1246 838 ita.
1295 808 1359 838 Hic
1383 815 1523 849 quoque
1547 808 1718 839 omitten-

464 853 542 883 dum
566 851 623 881 ita
646 855 681 882 et
714 859 777 891 pro
802 852 1074 892 plusquamperf.
1099 852 1290 893 perfectum
1327 853 1524 892 ponendum
1549 856 1637 885 erat.
1671 852 1718 884 cf.

463 899 507 928 ad
533 895 617 937 115,
650 896 704 927 18.
751 894 880 928 Cicero
906 898 1002 928 Brut.
1029 897 1088 937 13,
1125 897 1182 930 51.
1223 898 1266 928 ut
1288 898 1394 929 semel
1418 907 1436 930 e
1459 897 1612 930 Piraeeo
1642 897 1717 930 elo—

462 942 609 984 quentia
633 941 755 972 ececta
778 942 843 983 est,
867 950 985 973 omnes
1006 943 1224 983 perduravit
1247 943 1397 973 insulas.
1436 945 1478 975 ad
1503 945 1576 976 Att.
1604 945 1635 983 Ι,
1660 945 1719 986 19,

463 991 494 1020 6.
532 987 612 1028 Eyo
643 987 765 1018 autem
795 987 837 1017 ut
867 988 972 1018 semel
1002 987 1191 1018 Nonarum
1221 988 1371 1018 illarum
1403 988 1652 1020 Decembrium
1674 1005 1719 1012 —

463 1034 635 1066 eaimiam
667 1032 853 1072 quandam
885 1033 993 1073 atque
1024 1033 1265 1064 immortalem
1293 1034 1451 1073 ,aloriam
1483 1033 1720 1074 consequutus

463 1087 561 1119 sum,
597 1086 668 1108 uon
691 1077 812 1108 destiti
837 1078 960 1109 eudem
995 1079 1107 1109 ιιηὶιηὶ
1130 1078 1379 1118 nzaqnz’tudine
1402 1079 1440 1109 in
1462 1087 1540 1118 rep.
1563 1078 1718 1110 versari.

462 1124 596 1156 Caesar
627 1123 670 1154 de
701 1124 734 1153 Β.
769 1122 811 1153 G.
844 1123 878 1160 1,
902 1123 958 1154 31.
991 1124 1078 1155 nied.
1116 1122 1340 1155 Ariovistum
1369 1124 1510 1167 autem,
1544 1124 1585 1154 ut
1613 1123 1721 1156 semel

465 1169 655 1201 Gallorum
679 1167 806 1207 copias
829 1168 960 1199 *vicerit
983 1187 1026 1191 —
1048 1168 1199 1208 superbe
1222 1169 1256 1200 et
1281 1169 1479 1201 crudeliter
1502 1170 1697 1209 imperare.

304 1215 425 1249 280.—
442 1216 496 1248 18.
521 1214 609 1255 quid
631 1214 713 1253 post
736 1213 830 1244 hanc
853 1214 967 1244 vitam
990 1214 1108 1253 ipsum
1132 1215 1370 1253 exspectaret.
1406 1216 1484 1247 Non
1509 1218 1588 1246 sine
1612 1223 1720 1247 causa

464 1264 648 1300 exspectet
671 1262 748 1299 quis
773 1261 824 1290 sic
849 1260 997 1291 dictum:
1027 1260 1115 1300 quid
1136 1260 1220 1299 post
1242 1259 1335 1291 hanc
1358 1260 1472 1292 vitam
1495 1261 1614 1300 ipsum
1638 1268 1720 1291 ma·-

461 1306 573 1338 ‘nereh
630 1304 878 1336 Verumtamen
919 1304 1008 1344 quod
1051 1308 1196 1343 scripsit
1225 1307 1542 1345 wyttenbachius,
1579 1305 1720 1337 defendi

465 1352 676 1392 probarique
702 1354 817 1389 polest
843 1352 892 1381 his
918 1351 1121 1382 Horatianis
1147 1349 1232 1391 (Sat.
1256 1351 1300 1388 11,
1327 1352 1357 1389 1,
1381 1352 1473 1387 57.):
1500 1350 1553 1382 Ne
1575 1351 1720 1392 lonffltm

461 1396 622 1439 faciam,
663 1404 725 1426 seu
759 1403 813 1426 me
851 1395 1055 1436 tranquilla
1095 1396 1255 1427 senectus
1286 1395 1490 1435 Exspectat
1523 1404 1585 1428 seu
1620 1404 1719 1427 mors

462 1443 559 1474 atris
583 1440 824 1471 circunwolat
855 1440 946 1482 alis,
977 1440 1105 1483 Dices,
1137 1442 1262 1483 inops,
1292 1441 1447 1484 Romae,
1478 1450 1539 1473 seu
1559 1440 1642 1482 fors
1663 1441 1719 1472 ita

461 1487 622 1529 iusserit,
647 1486 763 1528 ems-ul,
791 1485 958 1526 Quisquis
981 1487 1051 1517 erit
1074 1486 1184 1528 vitae,
1208 1485 1380 1529 scribam,
1405 1487 1516 1518 color.

306 1536 426 1570 2sl.—
446 1536 478 1566 8.
504 1534 543 1564 in
566 1532 670 1563 huius
701 1531 798 1563 vitae
825 1529 997 1571 fluctibus
1029 1531 1224 1562 iactamur.
1278 1532 1577 1572 praepositionem
1608 1533 1720 1563 omitti

462 1580 557 1611 iubet
581 1587 682 1618 quum
708 1579 797 1610 ratio
824 1579 897 1617 ipsa
923 1581 994 1609 tuni
1020 1582 1188 1617 perpetua
1213 1578 1249 1608 et
1273 1582 1459 1618 consitam,
1489 1586 1556 1619 qua
1579 1583 1720 1610 veteres

465 1626 660 1664 scriptores
693 1626 854 1661 utuntur,
885 1622 1049 1663 loquendi
1081 1622 1309 1655 consuetudo.
1355 1624 1476 1665 Neque
1508 1626 1600 1655 enim
1626 1623 1718 1663 apud

462 1670 588 1711 Virgil.
615 1670 705 1700 Aen.
731 1667 764 1707 Ι,
789 1667 864 1699 442.
893 1671 927 1698 in
953 1676 1008 1698 vv.
1034 1668 1165 1699 iactati
1187 1668 1294 1699 undis
1317 1668 1351 1700 et
1375 1667 1518 1700 turbine
1542 1669 1632 1700 ullus
1656 1676 1721 1700 co·

463 1719 530 1749 dex
555 1724 617 1746 ms.
643 1715 855 1753 scripturam
886 1713 925 1743 in
947 1713 1054 1743 undis
1078 1714 1237 1754 praebet,
1274 1717 1310 1745 et
1340 1714 1430 1755 quod
1454 1715 1546 1754 apud
1571 1714 1719 1746 eundem

466 1761 562 1801 (ibid.
590 1769 642 1790 vs.
668 1758 738 1799 29.)
775 1760 905 1797 legitur
928 1758 1087 1789 iactatos
1111 1766 1266 1800 aequore
1290 1759 1363 1790 toto
1391 1759 1527 1802 Troas,
1552 1759 1587 1790 id
1612 1767 1634 1790 a
1658 1758 1719 1791 Ci-

463 1807 665 1840 ceronianis
697 1805 753 1842 (de
777 1804 915 1834 Invent.
950 1804 1002 1844 ΙΙ,
1035 1802 1110 1844 31.)
1153 1803 1267 1841 Quum
1289 1805 1424 1836 nautae
1446 1805 1604 1836 adversa
1628 1804 1719 1835 tem-

461 1851 601 1893 pestate
624 1850 663 1880 in
687 1849 763 1880 alto
787 1849 1019 1879 iactarentur
1037 1866 1070 1871 —
1093 1850 1180 1880 nihii
1197 1850 1386 1890 discrepat,
1410 1852 1478 1882 nisi
1502 1850 1594 1890 quod
1611 1857 1718 1882 causa

464 1906 551 1940 quae
575 1898 704 1930 dicitur
727 1894 888 1927 efficiens
913 1894 1047 1927 clarius
1072 1899 1126 1926 est
1149 1903 1171 1927 a
1195 1894 1369 1928 Cicerone
1392 1896 1587 1935 designata.

1363 2038 1379 2049 e
