1833 3237
679 218 954 257 -57-

110 343 256 371 morum
286 331 502 368 liberalitas
533 335 571 367 et
601 331 816 368 similitudo
849 330 1006 366 facilius
1038 326 1391 375 1·econci1iavit:*)
1422 328 1525 374 apud

110 388 370 427 Schraderum
403 387 504 423 sedit
531 388 610 424 alta
640 390 768 422 mente
799 388 995 432 repostum
1019 385 1106 433 hoc,
1138 385 1261 420 veluti
1283 381 1523 432 Paridis‚**)

109 445 322 488 iudicium,
362 447 596 489 spretaeque
636 443 779 478 iniuria
823 442 1039 478 doctrinae.
1109 443 1252 476 Horum
1294 440 1410 476 amici
1450 449 1523 474 non

111 501 347 537 verebantur
376 500 582 547 dictitare,
613 499 890 535 Ruhnkenium
932 497 1059 543 magis
1091 498 1265 532 Graecae
1303 506 1414 542 quam
1448 496 1526 531 La·-

111 557 217 593 tinae
249 556 460 592 cathedrae
489 559 620 601 aptum
652 565 754 601 esse,
787 565 860 590 nec
892 553 1132 600 provinciam
1171 553 1324 588 civibus
1355 552 1525 587 debitam

112 613 299 648 debuisse
321 612 566 659 peregrinum
598 621 803 656 occupare.
865 610 972 651 Quae
996 609 1159 644 voculae
1189 610 1236 643 ab
1267 608 1527 655 insigniorine

113 676 271 714 stupore
311 678 360 702 an
394 667 666 702 malevolentia
696 668 896 712 profectae
929 665 1094 707 suerint,
1134 664 1297 699 difficile
1338 668 1397 699 est
1438 666 1527 698 sta-

111 728 235 760 tuere.
292 724 354 760 Ac
384 723 548 768 primum
580 723 758 769 quidem,
790 723 973 770 ignorare
1005 720 1235 755 videbantur
1264 720 1346 761 isti,
1377 722 1414 754 et
1445 730 1523 753 an-

111 780 278 825 tiquitus
309 778 486 815 Latinam
517 779 692 827 linguam
724 789 745 814 e
777 779 926 814 Graeca
957 787 1046 812 esse
1079 780 1216 820 natam,
1259 779 1299 811 et
1330 776 1526 811 Romanos

112 840 253 882 postea
295 846 338 870 se
378 838 479 870 totos
519 835 567 869 ad
608 836 846 870 Graecorum
888 833 1104 878 exemplum
1145 832 1432 881 conformasse,
1471 841 1521 866 ex
1537 829 1591 864 93

113 892 248 927 horum
290 891 463 925 fontibus
504 891 659 926 Literas
699 899 859 936 omneS,
898 893 1026 933 artes,
1069 888 1290 931 doctrinm,
1330 887 1526 931 hausisse,

113 957 181 982 eas
211 947 250 982 in
281 946 454 994 linguam
487 956 598 981 suam
630 950 668 980 et
707 945 830 981 solum
871 944 983 990 quasi
1023 954 1134 978 suuni
1175 943 1453 987 transtulisse3
1487 946 1530 977 ut

112 1012 274 1048 prorsus
304 1003 372 1048 sit,
403 1002 503 1047 quod
535 1001 741 1047 proverbio
772 1000 938 1046 dicitur,
978 1000 1055 1035 iter
1093 998 1226 1042 caeci,
1266 998 1352 1033 eius
1393 998 1458 1043 qui
1489 998 1528 1032 in

114 1058 267 1094 Latinis
297 1057 445 1094 Literis
483 1057 572 1092 sine
609 1058 844 1093 Graecarum
883 1056 1049 1091 scientia
1088 1056 1306 1090 Literarum
1345 1053 1529 1101 progredi

116 1114 224 1158 velit,
256 1123 414 1158 quarum
446 1113 589 1148 lumine
620 1113 751 1162 quivis
783 1123 882 1147 unus
923 1115 962 1147 et
990 1111 1140 1158 gradus
1181 1113 1217 1145 ct
1260 1120 1400 1155 passus
1432 1109 1529 1144 illu-

114 1169 296 1205 strandus
327 1169 398 1204 sit:
430 1180 587 1213 quarum
620 1179 695 1214 quo
718 1169 861 1204 maiore
883 1168 1038 1203 valebat
1069 1166 1235 1201 scientia
1257 1165 1532 1211 Ruhnkenius‚

114 1236 160 1261 eo
190 1225 276 1270 ipse
307 1225 455 1271 melior,
486 1235 597 1270 quam
621 1224 687 1259 alii
713 1225 840 1259 minus
871 1225 918 1259 ab
951 1234 997 1258 ea
1026 1222 1164 1268 parati,
1195 1222 1417 1256 censendus
1447 1223 1532 1255 erat

114 1281 340 1318 Latinarum
372 1279 506 1316 doctor
537 1281 779 1316 Literarum:
811 1289 1023 1324 earumque
1053 1278 1108 1314 ita
1141 1277 1290 1322 peritus
1322 1287 1343 1311 c
1367 1275 1531 1324 Bergeri

113 1337 336 1383 Ritterique
366 1336 577 1383 disciplina
607 1337 803 1382 prodierat
832 1335 1078 1387 adolescens,
1110 1337 1151 1368 ut
1172 1332 1350 1378 quamvis
1373 1334 1531 1378 profes-

114 1394 262 1430 sionem
303 1393 379 1429 iam
420 1393 486 1429 illo
519 1399 693 1439 tempore
733 1402 872 1429 ornare
903 1395 1051 1438 posset.
1112 1389 1416 1436 peregrinitatis
1448 1388 1531 1424 cri-

115 1460 201 1486 men
240 1450 478 1495 reprehenso
509 1450 675 1495 laudem,
711 1448 983 1495 reprehensori
1014 1447 1186 1482 dedecus
1220 1445 1405 1481 habebat:
1448 1447 1531 1480 erat

115 1506 216 1541 enim
248 1506 421 1541 invidiae
460 1516 483 1540 a
515 1504 659 1543 virtute
690 1509 900 1552 superatae
931 1504 1099 1552 clamor,
1141 1506 1179 1538 et
1209 1502 1248 1537 in
1280 1502 1392 1537 istam
1425 1501 1532 1536 nati-

116 1561 253 1597 vitatis
282 1561 501 1608 gloriolam,
533 1567 574 1598 ut
605 1563 644 1597 in
675 1563 832 1597 unicum
854 1561 1093 1605 praesidium
1124 1558 1415 1605 confugientis:
1447 1561 1531 1592 erat

117 1617 257 1653 mentis
287 1617 337 1652 ad
370 1618 659 1663 praeiudicatas
691 1618 803 1665 vulgi
835 1617 1039 1661 opiniones
1079 1615 1257 1650 abiectae
1288 1614 1450 1649 necdum
1482 1613 1530 1648 ab

118 1683 250 1709 earum
282 1673 466 1709 sordibus
496 1677 689 1721 purgatae
720 1683 787 1719 per
818 1672 1016 1707 liberalem
1057 1670 1341 1706 institutionem
1374 1673 1413 1704 et
1442 1672 1532 1704 stu-

117 1730 222 1766 dium
253 1729 492 1774 sapientiae:
523 1729 758 1777 ignorabant
789 1733 964 1763 naturam
996 1727 1172 1762 eruditae
1202 1725 1390 1770 civitatis,
1420 1725 1533 1760 cuius

116 1785 194 1832 ipsi
223 1795 268 1820 se
306 1785 413 1820 cives
452 1786 754 1832 profitebantur:
803 1784 1060 1830 ignorabant,
1101 1783 1139 1817 in
1181 1781 1334 1817 erudita
1373 1780 1534 1815 civitate

116 1841 246 1877 nullos
277 1851 367 1877 esse
398 1842 591 1886 Batavos,
634 1841 763 1877 nullos
794 1841 1030 1882 Germanos,
1060 1837 1186 1873 nullos
1219 1837 1336 1872 unius
1366 1835 1535 1872 alicuius

116 1897 249 1943 populi
269 1897 394 1942 cives,
417 1907 549 1932 omnes
583 1907 672 1933 esse
702 1896 930 1932 mundanos.
960 1895 1043 1938 Quo
1069 1894 1222 1929 nomine
1245 1893 1442 1940 Diogenes
1456 1889 1535 1939 ***)

116 1958 311 1999 stuporem
345 1953 546 1989 cuiusdam
578 1952 803 1988 homunculi
834 1949 1077 1996 confutavit,
1117 1950 1153 1984 ci
1194 1949 1416 1987 obiicientis
1447 1958 1533 1983 eum

119 2020 194 2045 non
224 2019 314 2044 esse
346 2009 654 2052 Atheniensem,
692 2007 839 2054 Atqui,
871 2007 1009 2051 inquit,
1049 2006 1171 2041 mullo
1200 2005 1534 2051 praestantiorem

115 2065 293 2111 patriam
323 2065 471 2109 liabeo,
509 2066 724 2100 mundum:
761 2064 988 2098 waundauus
1017 2072 1121 2109 sum,
1152 2072 1232 2096 mm
1263 2060 1528 2096 Atheniensis.
1547 2056 1601 2093 94

119 2121 326 2157 Caeterum
358 2120 650 2167 peregrinitatis
681 2119 934 2165 reprehensio
966 2118 1003 2152 in
1029 2117 1307 2154 Ruhnkenium
1339 2127 1384 2152 eo
1406 2117 1535 2151 minus

118 2176 297 2225 valebat,
336 2176 435 2221 qnod
477 2176 551 2212 iam
593 2174 865 2222 duodeviginti
904 2183 1027 2209 annos
1065 2174 1105 2209 in
1137 2173 1302 2209 Batavia
1343 2171 1536 2217 degisset,

120 2241 282 2277 eamque
312 2231 514 2267 doctrinae
544 2233 646 2268 fama
672 2231 935 2274 illustrasset,
976 2239 1087 2274 porro
1117 2240 1139 2263 a
1171 2227 1345 2274 principe
1375 2227 1536 2262 Litera-

115 2298 200 2328 rum
241 2288 542 2324 nemsterhusio
583 2287 704 2324 veluti
747 2286 954 2331 adoptatus
994 2288 1119 2320 essct:
1168 2287 1235 2319 aut
1285 2283 1318 2318 si
1369 2283 1538 2329 valebat,

117 2344 282 2380 debebat
335 2344 426 2379 item
467 2344 642 2380 valuisse
688 2342 879 2377 adversus
927 2340 1264 2388 W‘esselingium7
1313 2338 1538 2385 Graevium,

122 2443 157 2480 ⁸)
182 2442 236 2473 Cf.
263 2443 357 2473 infra
381 2450 463 2482 pag.
490 2441 566 2472 170.
592 2441 646 2472 ed.
672 2449 724 2481 pr.
748 2440 823 2471 FR.

118 2507 164 2546 ⁹⁴)
189 2510 290 2548 Virg.
317 2510 405 2539 Aen.
434 2508 458 2548 l,
483 2508 538 2539 26.

167 2569 209 2576 -—
237 2570 271 2577 —-
299 2553 431 2585 Manet
453 2554 534 2583 alta
557 2553 672 2584 mente
695 2552 880 2592 repostum

174 2598 358 2630 Iudicium
382 2598 543 2636 Paridi-v,
568 2598 782 2638 spretaeque
805 2595 951 2626 iniuria
973 2595 1131 2635 formae.

121 2664 185 2699 ·“’)
210 2664 314 2705 Diog.
339 2666 460 2696 Laert.
484 2665 545 2701 VI,
569 2664 624 2693 63.
673 2662 854 2694 'sribnitur
878 2666 914 2692 et
939 2663 1081 2693 Socrati
1106 2661 1149 2692 ab
1174 2661 1275 2699 alim,
1301 2662 1336 2691 et
1360 2659 1537 2692 Cicerone

166 2708 270 2739 Tusc.
297 2710 339 2746 V,
364 2710 419 2740 37.
443 2710 501 2740 ubi
526 2710 635 2739 inulta
658 2709 791 2738 similia
815 2708 964 2738 aliorum
989 2708 1086 2738 dicta
1103 2709 1201 2737 notat:
1220 2707 1396 2737 Davisius.
1445 2704 1538 2736 Cae-

166 2757 295 2791 terum,
319 2761 387 2788 ean
411 2756 618 2786 memoriter
643 2753 873 2784 conscribens
899 2753 990 2783 hunc
1015 2753 1151 2790 locum,
1178 2751 1326 2782 formam
1352 2753 1428 2781 eius
1454 2750 1536 2780 duxi

165 2807 186 2828 e
210 2798 318 2828 simili
343 2798 438 2829 dicto
465 2799 687 2829 Antisthenis
711 2798 801 2838 apud
830 2798 932 2837 Diog.
961 2798 1077 2828 baert.
1108 2796 1166 2835 w,
1195 2796 1222 2827 1.
