1833 3237
628 199 962 243 „37ss

97 314 297 361 ekenarii,
339 314 584 361 Ruhnkenii‚
625 319 662 351 et
699 315 883 359 sim-ilium
926 317 1114 361 virorum,
1156 316 1270 352 t'aeile
1301 317 1510 366 intelligat,

95 382 166 407 eos
197 371 428 416 quantasvis
461 376 499 406 et
531 372 670 417 longas
701 374 737 405 et
761 374 1007 415 praestantes
1028 371 1386 409 animadversiones
1407 376 1512 410 scri-

97 417 200 463 bere'
219 427 416 471 potuisse:
448 430 486 461 et
516 426 720 472 quominus
752 426 862 470 plura
889 426 1128 473 scriberent,
1167 431 1339 473 tempus,
1372 429 1512 475 locum,

96 482 368 524 occasionem,
413 483 674 528 voluntatem,
718 484 755 516 et
798 481 952 526 quidvis
992 483 1122 526 potius
1162 494 1275 528 quam
1315 485 1512 530 copiarum

98 538 386 581 abundantiam,
416 538 467 572 iis
498 537 689 574 defuisse.
750 538 895 582 Copiae
927 538 1099 582 quotidie
1139 539 1306 585 legendo
1346 542 1513 576 affluunt

97 596 136 628 et
166 601 382 640 augentur:
415 593 460 628 ad
492 593 753 638 scribendum,
785 593 932 628 laboris
953 594 1153 639 patientia,
1181 595 1300 630 studii
1331 595 1511 643 intentio,

99 649 250 684 ardoris
290 650 475 694 impetus,
514 658 725 696 progressu
765 650 907 683 aetatis
948 649 1156 692 minuitur3
1197 650 1328 695 itaque
1368 652 1429 695 fit,
1469 656 1512 687 ut

97 704 284 740 materiae
324 705 456 749 faber,
496 715 571 739 non
610 708 651 739 ut
696 705 804 740 fabro
846 705 1008 740 materia
1048 705 1161 742 desit.
1223 707 1385 741 Rectius
1417 708 1512 743 mihi

95 760 354 795 conveniebat
384 770 469 795 cum
502 760 718 795 Brunckio:
753 760 854 805 apud
894 771 1007 805 quem
1048 771 1163 806 quum
1205 762 1410 806 aliquando
1441 773 1511 798 es-

95 826 190 861 sem,
221 816 333 861 isque
364 816 563 851 Timaeum
594 816 934 862 Ruhnkenianum,
965 816 1032 862 qui
1051 818 1150 853 sorte
1172 818 1211 852 in
1232 821 1384 863 promtu
1414 822 1512 864 erat,

95 871 134 906 in
166 881 302 905 manus
331 881 513 916 sumens,
555 870 723 913 diceret⁷
766 872 841 905 Hic
870 875 927 906 est
955 883 1062 907 unus
1091 873 1135 908 in
1165 877 1246 909 tola
1278 873 1513 910 Literalura

96 927 253 963 Graeca
292 926 443 961 libellus
483 926 604 961 simul
631 929 668 961 ec
698 926 948 961 brevissimus
975 931 1011 962 et
1041 929 1320 964 doctissimus!
1377 931 1512 978 Recte,

91 981 261 1027 inquam,
292 982 375 1016 ais:
406 981 478 1017 hoc
507 991 660 1027 semper
689 985 726 1018 et
748 983 832 1026 ipse
861 983 964 1030 dico,
992 986 1029 1018 ec
1060 993 1168 1019 nunc
1198 985 1328 1019 dicere
1354 994 1416 1019 me
1437 995 1511 1021 eo-

94 1038 238 1073 {eutem
269 1038 489 1083 occupasti.
549 1039 633 1081 Quo
664 1038 791 1085 magis
822 1038 938 1073 miror
968 1038 1121 1074 doctum
1154 1040 1355 1085 quemdam
1386 1041 1511 1076 virum

94 1094 343 1138 Lipsiensem
370 1093 534 1128 chartae
564 1094 811 1141 pepercisse,
843 1094 1001 1130 minime
1032 1095 1257 1140 ceteroquin
1290 1096 1377 1131 eius
1417 1106 1512 1142 par-

91 1159 192 1193 cum,
223 1150 288 1194 qui
309 1149 511 1184 Timaeum
543 1153 582 1184 et
612 1150 827 1184 Moeritlem
862 1160 961 1184 nova
989 1151 1159 1186 editione
1183 1152 1355 1197 repetiit,
1386 1152 1511 1187 omis-

91 1204 148 1238 sis
180 1204 405 1240 Ruhnkenii
441 1208 479 1239 et
509 1205 687 1240 Piersoni
719 1205 1140 1253 animadversionibus,
1171 1207 1210 1241 in
1243 1208 1383 1251 quibus
1414 1215 1566 1250 ma-sso

87 1260 192 1295 xime
222 1263 261 1295 et
289 1260 502 1305 praecipue
530 1261 684 1296 illorum
725 1262 1070 1297 Grammaticorum
1100 1262 1228 1308 posita
1257 1265 1319 1298 est
1350 1263 1499 1298 utilitas

90 1319 131 1351 et
162 1313 509 1363 commendatio.*]
571 1317 829 1352 Ruhnkenius
870 1317 1024 1362 quidem
1064 1318 1138 1352 hac
1179 1318 1217 1353 in
1250 1319 1407 1353 Timaeo
1436 1329 1511 1354 na-

93 1372 220 1408 vanda
250 1383 388 1418 opera,
423 1375 579 1417 praeter
617 1373 978 1408 animadversiones
1008 1373 1047 1408 in
1078 1373 1164 1419 ipso
1195 1374 1292 1410 libro
1323 1375 1511 1420 proditas,

91 1431 239 1464 tantum
269 1428 471 1464 doctrinae
501 1432 728 1473 apparatum
761 1429 943 1477 collegit,
986 1429 1052 1475 qui
1090 1429 1346 1465 instruendae
1385 1441 1510 1468 novae

95 1484 267 1520 Platonis
299 1484 462 1520 editioni
499 1485 721 1522 sufficerett
761 1484 878 1530 idque
919 1489 958 1520 et
999 1489 1092 1520 tunc
1131 1486 1206 1521 iam
1238 1487 1342 1532 cepit
1373 1488 1510 1523 consi-

92 1539 211 1587 lium,
252 1546 296 1575 et
330 1543 466 1586 postea
504 1541 631 1586 magis
667 1540 820 1576 distulit
849 1551 961 1586 quam
994 1542 1160 1587 abiecit,
1192 1545 1229 1577 et
1263 1543 1509 1589 perfecisset,

92 1595 172 1631 nisi
202 1595 387 1640 deinceps
418 1596 519 1631 aliae
550 1606 598 1631 ex
617 1597 708 1631 aliis
730 1597 980 1644 scriptioneS,
1011 1598 1179 1643 denique
1208 1602 1404 1645 senectus,
1436 1610 1510 1635 su-

93 1652 380 1697 pervenissent.
408 1671 412 1675 ·

204 1708 391 1750 Quantam
424 1708 523 1753 apud
558 1718 616 1743 me
648 1709 723 1743 vim
757 1708 802 1742 ad
837 1708 1161 1755 progrediendum
1204 1709 1509 1755 proficiendum-

90 1773 166 1809 que
196 1763 377 1798 habuerit
406 1764 630 1798 Ruhnkenii
661 1764 858 1807 Timaeus,
891 1765 993 1798 infra
1026 1765 1200 1798 narrabo.
1249 1765 1386 1800 valuit
1417 1776 1508 1801 vero

71 1810 179 1854 'eius
221 1819 394 1865 cognitio
425 1821 464 1865 qt
493 1819 706 1853 auctoritas
743 1818 841 1863 apud
875 1819 1015 1853 multos
1057 1819 1103 1852 ad
1137 1820 1334 1855 Platonem
1366 1821 1509 1868 legen-

90 1875 200 1910 dum:
231 1877 336 1910 certe
367 1874 414 1914 ab
445 1884 492 1909 eo
525 1879 697 1920 tempore
729 1874 813 1909 eius
845 1874 993 1920 dialogi
1025 1875 1123 1920 apud
1151 1879 1320 1920 exteros,
1352 1877 1390 1911 in
1423 1878 1510 1922 pri—

89 1931 164 1966 mis
195 1932 409 1967 Germanos
453 1935 487 1965 et
521 1931 751 1973 Britannos,
788 1929 1025 1964 editionibus
1062 1931 1252 1966 celebrari
1284 1940 1509 1977 coeperunt.

90 1987 156 2033 Et,
196 1996 243 2021 ne
276 1987 349 2021 hoc
380 1990 634 2033 praeteream,
664 1985 889 2020 Ruhnkenii
922 1985 1100 2030 exemplo
1131 1987 1178 2021 ad
1211 1988 1380 2023 studium
1412 1989 1507 2024 Pla-

92 2041 197 2076 tonis
228 2041 422 2076 adductus
465 2044 526 2075 est.
556 2040 840 2076 Hemsterhusii
874 2040 974 2075 filius
1006 2042 1266 2089 Franciscus,
1307 2047 1344 2079 et
1375 2044 1428 2079 ita
1460 2046 1506 2080 ad

92 2097 319 2142 Philosophi
351 2096 538 2131 rationem
570 2106 682 2130 suum
714 2096 798 2140 ipse
828 2096 1030 2142 ingenium
1062 2099 1342 2144 conformavit,
1383 2100 1438 2134 ita
1468 2100 1505 2134 in

90 2152 254 2196 libellis,
286 2162 381 2197 quos
411 2152 458 2186 de
490 2151 741 2196 Philosophia
772 2151 911 2186 deinde
942 2153 1099 2196 scripsit
1132 2153 1323 2190 Francica
1355 2154 1505 2200 lingua,

91 2208 388 2252 Metaphysices
426 2207 722 2242 abstrusissima
761 2210 990 2249 arg-omenta
1030 2209 1206 2242 suaviter
1248 2219 1295 2243 ac
1333 2209 1506 2245 dilucide

92 2263 301 2308 exposuit3
335 2266 375 2297 ut
406 2273 492 2298 cum
523 2263 677 2298 dubites
709 2262 1017 2296 subtilitatemne
1047 2273 1094 2296 an
1127 2265 1366 2299 Socraticam
1399 2266 1504 2300 nati-

89 2329 176 2354 vam
208 2322 450 2354 venustatem
480 2319 608 2365 magis
640 2318 814 2357 mireris,
849 2320 955 2351 certe
987 2317 1187 2354 Platonem
1218 2319 1345 2364 ipsum
1377 2321 1504 2355 Fran—

91 2374 176 2410 cice
197 2374 454 2410 disserentem
485 2374 552 2409 tibi
584 2373 718 2408 audire
751 2372 932 2411 videaris.
947 2368 1005 2420 *Ἴ
1027 2373 1148 2415 Quam
1167 2375 1355 2411 rationem
1377 2376 1504 2411 adhuc

87 2479 117 2520 Ἴ
142 2483 353 2514 Fischer-nm
395 2484 483 2514 hand
515 2483 619 2514 dubie
650 2485 836 2523 intelligit,
870 2485 928 2522 qui
953 2487 1136 2524 utrumqne
1168 2485 1380 2522 scriptorem
1405 2492 1504 2515 con:-

135 2528 295 2566 plectens
317 2537 461 2565 parvum
487 2530 648 2559 volumen
676 2528 785 2558 edidit
805 2529 948 2566 Lipsiae
972 2528 1094 2566 1756.;
1120 2537 1140 2560 e
1162 2529 1365 2560 Ruhnkenii
1387 2533 1501 2560 tamen

136 2571 273 2603 Timaei
300 2572 459 2604 editione
485 2574 568 2603 nihil
594 2573 726 2603 adiecit
753 2579 893 2609 praeter
920 2574 1188 2611 praefationem.
1216 2574 1377 2604 Pici-soni
1403 2575 1501 2603 Moe-

135 2616 247 2650 ridein
280 2618 330 2653 [a.
357 2616 461 2648 1759.
497 2617 646 2653 editum]
682 2618 832 2646 nondum
867 2617 1004 2648 viderat
1036 2618 1252 2658 Fischerus,
1290 2622 1329 2650 ut
1358 2620 1435 2658 ipse
1466 2620 1502 2648 in

135 2661 356 2698 praefatione
382 2662 570 2702 significat.
621 2661 906 2693 LINDEMANN.

89 2723 131 2764 ⁰)
158 2725 201 2755 lli
225 2726 343 2763 libelli,
367 2728 436 2758 iam
459 2730 565 2759 antea
588 2729 778 2766 separatim
799 2727 898 2770 editi,
916 2730 1129 2762 coniunctim
1149 2730 1269 2764 emissi
1290 2732 1370 2760 sunt
1390 2730 1501 2760 Paris.

132 2777 164 2800 a.
194 2769 289 2802 1809.
317 2770 345 2801 ΙΙ
370 2772 446 2803 Vol.
495 2772 567 2803 FB.
