1833 3237
652 253 705 262 —.
796 231 851 272 19
936 255 990 263 .-

101 338 226 394 igitur
262 342 498 391 expediendi
535 343 613 382 duo
649 347 742 381 sunt
790 345 1063 385 instrumenta.
1130 346 1309 385 Alterum
1359 348 1527 387 scientia

103 399 220 438 Artis
248 401 559 450 Grammaticae,
588 401 814 437 confirmata
845 402 1028 438 continuo
1058 403 1312 451 legendorum
1341 406 1526 452 Scripto-

102 458 187 493 rum
217 467 316 503 usu3
339 459 382 493 ut
402 457 563 506 cognita
583 466 669 493 cum
701 456 947 504 singulorum
976 460 1180 495 verborum
1219 460 1591 510 significatione,27

102 515 184 549 tum
214 523 346 549 eorum
378 512 659 559 compositione
689 515 728 548 et
759 513 1067 566 constructione,
1096 515 1173 551 loci
1204 517 1396 563 cuiusque
1425 527 1526 555 sen-—

101 568 263 605 tentiam
303 578 571 616 assequamur.
638 568 841 616 Alterum,
882 569 1108 617 Analogiae
1147 572 1302 608 nomine
1341 573 1527 610 celebra-

101 626 198 672 tum,
227 627 412 662 versatur
440 624 480 660 in
510 624 755 673 singulorum
787 625 1008 673 originibus
1037 627 1243 664 verborum
1274 629 1525 677 indagandis,

101 680 207 717 unde
243 690 329 717 cum
370 680 497 727 prima
526 683 567 717 et
609 681 767 727 propria
796 682 958 729 notatio,
988 685 1070 718 tum
1099 683 1217 719 ducta
1245 683 1337 720 inde
1367 688 1407 721 et
1437 688 1524 721 tra-

101 735 184 772 lata
219 735 282 772 vis
325 736 517 783 cuiusque
558 740 597 773 et
627 739 802 783 potestas
832 738 1117 784 perspiciatur:
1159 739 1209 775 de
1239 750 1314 786 quo
1345 741 1524 786 quamvis

101 791 270 829 maximo
301 793 349 828 ad
379 792 604 829 interiorem
635 794 812 829 Graecae
841 793 1086 841 Latinaeque
1115 795 1279 844 linguae
1317 797 1524 833 scientiam

100 848 278 885 subsidio
318 849 434 894 pauci
469 849 599 884 adhuc
636 850 930 897 cogitaverant,
969 860 1043 886 nec
1080 852 1167 887 sere
1206 852 1282 888 nisi
1329 853 1525 890 triumviri

99 903 173 951 illi,
203 903 398 951 Scaliger,
433 903 704 953 Casaubonus,
734 904 972 952 SalmasiuS,
1009 908 1218 951 pauciores
1259 909 1375 943 etiam
1414 909 1524 945 scri-

98 961 263 1006 pserunt
282 959 538 1006 probabiliter
560 959 726 1006 quidem,
760 960 836 996 nisi
865 961 969 996 forte
997 961 1134 998 brevia
1164 963 1354 1007 quaedam
1388 967 1428 999 et
1457 965 1526 1000 in·-

99 1016 242 1052 choata
261 1015 459 1064 Aegidius
478 1016 692 1064 Menagius
702 1011 743 1064 *J
774 1020 814 1053 et
838 1017 1071 1054 Lambertus
1096 1014 1326 1066 Rosius.**)
1360 1019 1526 1056 Utrum-

100 1082 176 1117 que
222 1072 526 1120 instrumentum
565 1073 623 1108 ita
661 1074 819 1109 tenebat
866 1074 1213 1118 Hemsterhusius,
1252 1077 1294 1109 ut
1336 1074 1443 1111 illius
1482 1076 1524 1112 in

97 1128 332 1164 tractatione
363 1128 510 1174 primus
539 1128 737 1173 copiarum
779 1129 994 1165 ubertatem
1034 1140 1119 1165 cum
1159 1130 1372 1166 severitate
1410 1131 1526 1167 dele-

98 1186 186 1219 ctus
212 1184 494 1232 coniungeret:
526 1183 643 1219 huius
665 1188 703 1220 et
725 1184 925 1220 materiam
952 1189 1121 1233 augeret
1153 1189 1191 1221 et
1218 1186 1404 1221 rationem
1437 1187 1525 1233 pri-

97 1249 183 1276 mus
215 1240 485 1286 constitueret,
516 1242 633 1285 atque
663 1240 761 1276 adeo
791 1241 933 1276 unicus
967 1242 1054 1276 eius
1085 1241 1296 1277 haberetur
1325 1241 1523 1290 inventor,

96 1297 137 1331 et
174 1305 299 1343 unus,
336 1299 424 1342 post
462 1299 619 1332 renatas
659 1295 838 1345 Literas,
868 1297 1045 1333 Graecae
1086 1296 1328 1343 Latinaeque
1359 1298 1522 1346 linguae

97 1351 196 1388 fines
225 1352 437 1400 insigniter
467 1353 674 1398 proferret.

210 1407 380 1444 Gravius
417 1410 532 1444 etiam
563 1408 845 1455 difficiliusque
875 1409 1062 1456 expeditu
1092 1412 1153 1445 est
1194 1410 1358 1446 alterum
1390 1409 1523 1457 impe-

95 1462 322 1512 dimentum,
353 1465 520 1511 positum
551 1466 591 1501 in
623 1465 845 1512 corruptela
880 1469 919 1501 et
948 1466 1147 1502 erroribus
1178 1465 1418 1514 scripturae,
1451 1477 1522 1503 or-

97 1519 148 1556 tis
185 1520 266 1556 illis
305 1532 392 1557 cum
431 1532 454 1556 a
483 1521 730 1558 librariorum
768 1522 832 1557 vel
863 1522 1002 1557 fraude
1043 1522 1105 1558 vel
1136 1523 1408 1570 negligentia,
1440 1525 1520 1559 tum

95 1585 120 1611 a
149 1576 249 1612 situs
274 1587 326 1613 -ac
357 1577 624 1614 diuturnitatis
662 1577 829 1613 iniuria:
861 1579 961 1625 quod
994 1588 1143 1614 omnem
1174 1578 1422 1626 intelligendi
1453 1578 1520 1614 in—

96 1633 413 1678 terpretandique
445 1634 659 1669 sollertiam
692 1634 834 1681 eludit,
868 1634 943 1669 nisi
975 1634 1199 1680 corruptela
1230 1634 1277 1669 ad
1311 1634 1519 1671 sanitatem

95 1689 281 1724 restituta
312 1689 444 1734 suerit,
476 1689 653 1725 adhibita
684 1689 950 1725 emendatrice
979 1690 1167 1725 facultate
1198 1689 1355 1725 Critica.
1395 1692 1517 1737 Haec,

96 1747 139 1780 ut
181 1754 319 1781 nomen
357 1745 495 1789 habet,
535 1745 590 1780 ita
630 1744 895 1790 proficiscitur
936 1756 959 1779 a
999 1745 1209 1780 iudicando
1247 1744 1338 1790 quid
1381 1754 1516 1781 verum
1536 1749 1590 1787 28

41 1818 46 1823 ·
94 1799 303 1846 falsumve,
332 1801 493 1846 probum
525 1799 589 1835 vel
619 1799 820 1845 vitiosum,
851 1810 988 1836 sanum
1019 1801 1083 1835 vel
1114 1800 1352 1847 mendosum,
1370 1805 1520 1837 rectum

94 1856 160 1892 vel
189 1866 374 1908 pravum,
412 1859 525 1902 turpe
563 1856 627 1891 vel
657 1866 800 1903 secus,
843 1865 1074 1904 germanum
1120 1856 1418 1903 suppositumve
1447 1858 1522 1893 sit:

95 1910 264 1959 indeque
294 1913 344 1949 ad
372 1911 648 1949 inveniendum
679 1912 952 1960 progreditur,
995 1923 1108 1948 suum
1149 1913 1290 1958 cuique
1330 1913 1521 1960 tribuens,

94 1969 334 2014 reprehenso
365 1969 466 2004 falso
498 1979 631 2003 verum
664 1969 901 2015 restituens,
941 1970 1101 2003 ostensa
1139 1970 1364 2015 corruptela
1405 1969 1522 2006 simul

94 2024 326 2061 medicinam
367 2034 624 2071 expromenS,
666 2023 731 2058 vel
762 2024 1013 2060 coniecturae
1045 2020 1265 2072 felicitate,
1309 2025 1371 2060 vel
1403 2029 1523 2062 vetu-

97 2083 248 2117 storum
288 2080 465 2116 codicum
505 2078 754 2116 auctoritate.
815 2079 943 2116 Huius
983 2079 1174 2116 scientiae
1212 2083 1357 2117 tantam
1388 2083 1522 2118 facul-

97 2137 219 2172 tatem
250 2136 388 2173 habuit
417 2134 755 2183 Hemsterhusius,
786 2138 831 2170 ut
856 2135 1024 2172 omnium
1048 2146 1243 2172 consensu
1283 2137 1323 2172 in
1364 2147 1411 2172 ea
1450 2147 1521 2172 re-

94 2194 258 2241 gnaret,
288 2195 329 2228 et
359 2191 619 2229 Ruhnkenius
657 2200 743 2227 eum
774 2191 985 2228 verissime
1026 2192 1065 2227 in
1097 2192 1314 2237 exemplum
1353 2193 1522 2237 perfecti

94 2247 233 2284 critici
270 2250 529 2296 proponeret,
560 2247 706 2294 scripto
736 2246 803 2282 illo
834 2246 1025 2282 divinitus
1057 2246 1133 2282 viri
1164 2247 1330 2294 Elogio,
1371 2247 1410 2283 in
1443 2257 1519 2293 quo

94 2302 150 2340 ita
180 2305 300 2340 totam
330 2304 438 2340 illius
468 2304 683 2340 doctrinam
715 2302 917 2350 explicuit,
948 2305 992 2338 ut
1017 2302 1135 2338 simul
1161 2302 1406 2350 significaret
1428 2303 1521 2349 quid

95 2358 183 2407 ipse
211 2360 436 2407 probaverit
466 2370 514 2395 ac
544 2362 705 2395 secutus
736 2358 802 2394 sit.
863 2360 976 2394 Hunc
1023 2358 1195 2395 libellum
1236 2361 1273 2394 et
1315 2356 1452 2406 legant
1481 2363 1521 2395 et

97 2415 300 2464 ediscant,
340 2425 426 2453 cum
458 2425 592 2452 omnes
625 2413 878 2450 humanitatis
909 2413 1098 2463 studiosi,
1129 2417 1208 2450 tum
1239 2414 1268 2450 ii
1299 2415 1365 2459 qui
1396 2417 1521 2451 Hem-

95 2472 371 2509 sterhusianae
413 2475 452 2508 et
501 2470 657 2508 omnino
700 2470 861 2506 criticae
900 2470 1098 2519 doctrinae
1137 2470 1216 2506 vim
1254 2470 1520 2517 rationemque

96 2527 260 2565 uberius
303 2537 546 2577 cognoscere
585 2525 761 2574 cupiunt.
830 2527 914 2563 Nos
957 2525 1061 2563 hunc
1089 2526 1217 2562 locum
1249 2528 1381 2563 nostro
1410 2532 1518 2564 more

96 2656 127 2694 ‘J
150 2656 190 2688 ln
213 2660 428 2692 Amoenitat.
467 2659 562 2691 luris
587 2658 728 2691 Civilis:
762 2659 975 2700 pracsertim
1000 2667 1078 2699 cap.
1102 2658 1270 2690 XXXIX.
1296 2656 1339 2690 de
1365 2658 1516 2697 Etymo-

144 2701 252 2742 logiis
274 2704 626 2738 {iurisconsultorum

95 2764 141 2805 ⁰)
163 2767 423 2802 Dissertatione
446 2772 718 2811 Etymologica‚
748 2771 865 2804 addita
887 2772 965 2802 eius
998 2770 1325 2803 Exercitationibus
1355 2769 1515 2802 Philolo-

140 2814 252 2855 gicis,
287 2814 540 2857 Franequerae
576 2815 675 2847 1713.

1174 2869 1228 2909 2*
