1833 3237
624 190 951 231 2—67—

105 303 311 350 dentibus,
351 305 391 340 et
430 302 633 350 pristinam
670 313 780 339 suam
821 302 1106 352 negligentiam
1143 303 1387 342 dolentibus:
1432 306 1526 353 qui-

103 363 177 398 bus
199 360 288 406 quid
308 357 510 395 dicerem?
533 360 628 405 nisi,
651 358 789 403 felices
808 361 974 396 nimium
1001 362 1071 407 qui
1088 371 1162 397 sua
1183 363 1285 398 bona
1307 367 1469 400 norunt.
1483 359 1524 410 *J

101 416 364 454 Ruhnkenius
395 426 468 451 sua
497 419 603 451 sorte
632 419 839 451 contentus
868 419 975 460 erat;
1020 421 1207 462 reputans
1237 421 1381 454 sortem
1412 420 1444 456 Ι.
1476 419 1522 455 F.

101 472 307 518 Gronovii‚
340 472 564 508 Latinarum
591 471 808 507 Literarum
840 472 1060 507 recentiore
1091 483 1188 508 aevo
1220 474 1425 526 principis⁷
1457 474 1523 520 qui

100 525 140 564 in
174 529 319 564 maiore
349 526 588 564 Academiae
617 528 713 562 flore
745 537 793 563 ne
823 527 1022 562 dimidium
1053 528 1207 574 quidem
1239 529 1520 576 discipulorum

101 584 307 620 habuisset
338 593 558 628 numerum,
588 583 755 618 subinde
786 583 853 619 vix
883 583 1039 619 decem:
1079 584 1196 619 huius
1228 586 1329 621 enim
1361 586 1522 621 schola-

102 650 185 676 rum
215 639 370 675 indices
399 642 537 674 nactus
569 643 670 683 erat,
710 639 850 684 quibus
883 639 1037 675 nomina
1078 650 1175 687 sua,
1217 641 1280 686 qui
1323 652 1368 676 se
1398 641 1524 677 disci-

90 696 216 741 -pulos
265 696 520 741 profitentur,
570 695 788 731 inscribere
833 695 971 730 solent.
1053 696 1132 731 Sed
1173 699 1250 731 tum
1292 697 1524 733 Cartesiana

101 751 356 796 Philosophia.
385 752 553 786 omnium
585 760 681 798 erga
711 761 844 786 omnes
874 751 974 787 alias
1020 751 1251 798 disciplinas
1282 752 1415 788 studia
1446 753 1524 789 ab·-

100 808 304 852 sorbebat,
354 810 392 842 et
433 807 648 843 Literarum
702 807 880 853 scholas,
931 810 972 843 ut
1020 807 1078 843 ita
1125 808 1274 856 dicam,
1321 809 1520 845 viduabat.

99 863 326 898 Ruhnkenii
368 866 543 906 tempora
581 863 709 897 minus
741 863 885 898 Literis
924 863 1093 908 iniquam
1135 864 1522 901 habuerunt‘Philo-

97 918 288 963 sophiam.
347 918 445 954 Nam
476 917 522 951 ad
545 918 725 952 insanum
746 918 833 953 eius
854 928 1023 956 amorem
1046 919 1324 955 deferbuerant
1345 922 1522 956 Batavo-

97 983 181 1009 rum
211 973 395 1021 ingenia,
434 983 584 1009 omnem
613 973 730 1009 istum
772 975 940 1009 furorem
983 973 1021 1009 in
1060 974 1127 1010 illa
1158 975 1390 1011 Cartesiana
1419 975 1520 1011 febri

98 1029 338 1076 effuderant,
387 1033 425 1064 et
463 1029 538 1065 iam
578 1032 685 1065 certa
729 1029 893 1074 quadam
934 1029 1071 1066 iudicii
1112 1031 1286 1066 sanitate
1325 1032 1520 1066 constite-

96 1089 198 1121 rant,
255 1087 546 1121 Successerunt
585 1085 772 1130 deinceps
812 1085 913 1121 aliae.
955 1086 1125 1122 rationes
1157 1090 1195 1121 et
1226 1087 1339 1132 quasi
1371 1090 1520 1136 sectae,

99 1141 384 1188 Newtoniana‚
436 1141 657 1186 Lockiana‚
707 1141 938 1186 marmana,
991 1142 1261 1189 Leibnitiana,
1301 1141 1518 1178 iVolfiana:

98 1199 160 1242 et,
191 1199 234 1232 ut
263 1198 327 1240 fit,
368 1197 580 1232 novissima
611 1207 788 1242 quaeque
819 1198 902 1232 sola
935 1208 1053 1243 vera,
1095 1201 1134 1233 et
1165 1208 1233 1244 per
1263 1208 1411 1233 omnem
1445 1208 1519 1244 po-

96 1251 312 1289 steritatem
353 1252 617 1295 dominatura,
657 1253 883 1288 videbatur:
929 1257 1145 1289 nostrorum
1185 1254 1382 1289 hominum
1422 1264 1520 1301 erga

97 1307 188 1344 illas
219 1308 323 1344 lenia
352 1310 534 1355 fuerunt,
572 1319 645 1344 nec
685 1319 772 1344 cum
804 1309 1022 1344 Literarum
1062 1312 1258 1345 contemtu
1297 1310 1518 1356 coniuncta,

96 1364 240 1400 studia.
298 1365 353 1401 At
381 1365 482 1411 apud
516 1366 729 1401 Germanos
758 1365 1035 1401 immoderatus
1058 1366 1245 1402 Wolfiani
1276 1366 1396 1402 studii
1430 1367 1517 1402 fer-

97 1430 168 1456 vor
197 1421 375 1468 Literas,
406 1421 529 1457 veluti
560 1422 804 1467 tempestatis
836 1421 1081 1474 calamitate,
1124 1423 1280 1459 afflixit.
1340 1423 1518 1459 Fuerunt

97 1479 227 1513 tamen
257 1477 322 1523 qui
352 1488 420 1512 eas
451 1482 636 1513 ornarent
674 1488 719 1512 ae
749 1481 972 1525 tuerentur,
1012 1477 1048 1513 in
1082 1478 1215 1524 primis
1247 1479 1448 1514 Gesnerus
1479 1481 1518 1514 et

96 1533 313 1569 Ernestus:
344 1532 407 1568 hic
437 1543 551 1581 acer,
583 1544 704 1579 saepe
734 1533 831 1569 adeo
859 1534 986 1570 acrior
1015 1545 1128 1580 quam
1161 1534 1310 1578 verior,
1342 1535 1516 1571 Wolfia-

97 1599 171 1624 nae
200 1589 364 1624 rationis
394 1589 661 1634 reprehensor.
722 1589 947 1626 Novissima
977 1600 999 1623 a
1038 1594 1173 1625 vetere
1204 1590 1613 1639 Regiomontan0112

97 1645 325 1681 Ruhnkenii
364 1642 705 1690 condiscipu10**)
770 1645 923 1690 prodita
969 1645 1066 1680 ratio
1106 1646 1207 1691 apud
1250 1656 1320 1681 nos
1359 1646 1513 1691 quidem

95 1700 243 1736 Litoris
274 1701 440 1736 nondum
473 1701 622 1746 obfuit,
661 1710 754 1746 nec,
787 1704 828 1736 ut
858 1711 1084 1747 speramus,
1115 1701 1262 1737 oberit:
1295 1701 1330 1736 si
1359 1701 1514 1747 quidem

95 1757 245 1802 priores
287 1756 379 1792 illae
418 1757 552 1801 partim
584 1756 835 1791 maximarum
875 1757 1079 1792 scientiam
1118 1767 1244 1791 rerum
1276 1757 1514 1802 profiteren-

94 1817 176 1857 tur,
206 1813 344 1858 partim
377 1811 596 1847 disserendi
627 1811 752 1857 spinis
783 1814 821 1846 et
851 1812 1055 1847 verborum
1078 1811 1251 1848 novitate
1281 1812 1409 1848 minus
1439 1814 1514 1849 ob-

64 1890 68 1894 ,
95 1871 282 1904 structam
332 1868 519 1904 haberent
559 1867 845 1914 cognitionem,
896 1868 1032 1914 partim
1081 1867 1317 1913 interpretes
1373 1869 1514 1905 nanci-

95 1928 320 1970 scerentur,
359 1923 424 1969 qui
455 1914 531 1959 cas
571 1924 618 1958 ad
665 1933 904 1958 communem
943 1927 1096 1968 captum
1137 1924 1516 1971 intelligentiamque

96 1981 362 2026 explicarent:
394 1990 494 2024 quae
524 1982 563 2014 et
592 1988 708 2013 secus
739 1982 830 2013 sunt
860 1979 898 2014 in
931 1978 1006 2013 hac
1036 1979 1252 2014 novissima
1281 1980 1445 2027 ratione,
1476 1985 1516 2017 et

96 2037 301 2082 plurimum
346 2035 477 2071 valent
515 2032 562 2069 a'd
603 2033 724 2070 studii
761 2044 847 2070 cum
887 2035 1146 2080 frequentiam
1188 2038 1265 2071 turn
1311 2036 1514 2073 diuturni-

95 2095 226 2129 tatem.

208 2147 442 2184 Ruhnkenio
473 2157 611 2182 recens
641 2146 679 2182 in
701 2146 1039 2194 Lugdunobatnva
1066 2147 1251 2183 cathedra
1278 2147 1404 2192 posito
1435 2147 1511 2182 alia

95 2204 255 2239 offertur
292 2203 392 2249 apud
436 2206 611 2246 exteros,
651 2203 970 2250 GoettingensiS,
1010 2206 1133 2238 morte
1171 2202 1336 2238 Gesneri
1376 2203 1510 2238 eodem

94 2269 196 2295 anno
219 2259 394 2295 defuncti
420 2254 674 2305 vaeanS.'**)
716 2260 826 2295 Hanc
855 2258 1188 2306 generosissimus
1218 2259 1325 2295 illius
1345 2259 1511 2296 Acade-

95 2425 126 2461 'J
151 2424 303 2455 Ductum
337 2431 382 2454 ex
415 2423 615 2464 virgiliano
649 2422 782 2464 Georg.
815 2423 859 2460 n,
893 2423 971 2455 458.
1030 2424 1059 2456 0
1090 2422 1316 2464 fortunatos
1348 2425 1509 2457 nimium,

137 2477 209 2500 sua
232 2469 266 2498 si
289 2468 382 2499 bona
406 2469 548 2509 norint,
583 2467 789 2508 Aqrz'colas.
836 2469 1014 2509 siquidem
1040 2470 1142 2500 nobis
1168 2470 1263 2509 licet,
1289 2469 1380 2509 quod
1407 2471 1509 2501 Anti-

139 2515 217 2554 quis
240 2514 354 2551 licuit,
388 2512 578 2544 Poetarum
604 2521 730 2544 versus
756 2515 797 2545 ad
822 2516 1027 2553 scriptionis
1059 2517 1202 2545 nostrae
1227 2515 1413 2545 consilium
1439 2517 1508 2546 im-

138 2562 290 2589 mutare.
348 2558 490 2589 Dictum
523 2557 756 2597 censoribus,
798 2560 922 2598 quibus
965 2561 1036 2590 nisi
1078 2568 1203 2590 versus
1247 2559 1289 2590 ad
1328 2560 1508 2599 syllabam

139 2603 428 2643 annumerantur,
467 2606 587 2634 notam
629 2606 799 2635 continuo
831 2604 1005 2644 inficiunt,
1043 2607 1078 2635 et:
1118 2605 1300 2635 inscitiam
1339 2609 1507 2645 arguunt,

139 2648 207 2686 ipsi
231 2649 334 2679 inscii
359 2649 589 2688 antiquitatis,

96 2713 141 2750 ⁰)
166 2713 220 2745 cf.
246 2722 351 2752 supra
374 2722 451 2754 pag.
482 2715 537 2746 ed.
562 2724 615 2755 pr.
641 2715 695 2745 61.
744 2714 816 2745 FB.

95 2777 156 2818 m)
183 2779 238 2812 Cf.
257 2781 340 2813 vita
358 2783 490 2823 Heynii
509 2782 552 2815 ab
570 2783 748 2815 Heerenio
766 2782 972 2822 conscripta
989 2791 1019 2822 p.
1038 2781 1094 2812 73.
1113 2789 1186 2822 sqq.
1219 2779 1508 2813 LlNDEMANN.

1183 2837 1210 2872 5
1221 2838 1238 2858 ἡ
