1816 3233
638 94 832 138 -231
892 116 947 125 -

86 211 269 244 Institutio
316 211 500 243 studiosae
552 210 761 250 iuventutis,

60 270 64 271 ⁷
132 258 280 297 puerilis
304 255 382 287 183.

88 302 249 334 insulsus
270 300 348 331 203.

87 346 319 386 intemperies
346 344 422 385 194.

90 392 187 423 Inter
216 389 277 421 ubi
307 389 478 429 postponi
507 388 616 430 queat
639 386 760 418 Accu-

132 435 252 466 sativo
287 443 391 476 quem
423 434 518 475 reyit
550 434 626 465 196.
669 434 761 464 inter

133 488 279 512 coenam
303 479 382 510 208.
413 481 506 511 inter
529 487 654 510 manus
686 477 760 508 174.

88 526 243 556 Interius
260 522 499 564 (familiarius)
515 531 662 555 noscere
679 520 762 563 (no-

134 569 248 609 visse)
274 568 351 600 194.
383 566 431 608 cf.
455 568 536 600 201.

87 614 328 654 Interpolator
351 611 428 644 175.
455 613 536 644 176.

90 659 447 698 interpretamentum
472 657 550 689 199.

86 704 351 741 Interpretatur
373 703 455 735 202.

85 749 210 780 Intime
236 749 459 789 perspicere,
496 746 760 789 commendare,

131 795 182 824 uti
204 793 320 833 aliquo
346 792 422 824 183.

86 838 273 870 Inundatio
299 838 375 869 187.

85 883 230 915 Invasio
252 882 333 915 204.

84 927 251 959 inventio
274 927 310 958 et
332 928 513 958 inventum
538 923 614 955 192.

88 973 168 1013 lpse
192 971 273 1003 204.
302 973 414 1011 ipsius
436 969 498 1002 ubi
522 969 680 1008 eoespect.
705 970 762 1000 sui

130 1019 243 1057 ipsius
268 1016 349 1048 205.

85 1061 145 1093 Ire
170 1064 204 1093 in
230 1061 447 1093 oblivionem
476 1060 555 1091 195.

86 1106 245 1148 Irrigare
277 1110 400 1146 pectus
431 1103 610 1146 (animum)
650 1103 760 1134 fonti-

135 1153 200 1182 bus
224 1150 301 1186 172.

85 1195 120 1227 Is
132 1188 365 1227 Prono'minis
377 1202 574 1235 perversus
588 1201 675 1224 usus
684 1193 760 1224 195.

86 1241 298 1272 Isidorus
326 1241 402 1272 192.

89 1286 143 1318 lta
165 1285 286 1324 inepte
306 1285 466 1325 positum
497 1284 574 1316 109.
599 1282 676 1314 208.
712 1284 761 1313 ita

129 1346 173 1352 -—-
197 1336 239 1362 ac
263 1331 296 1360 si
321 1331 374 1370 (ut
398 1330 446 1368 si)
472 1328 548 1360 180.

84 1374 216 1406 Iterum
240 1376 436 1414 iterumque
460 1373 537 1405 199.

82 1420 211 1451 lubere
241 1425 312 1459 seq.
343 1423 380 1451 ut
413 1417 494 1449 207.
531 1425 604 1458 seq.
639 1416 758 1456 simpl.

130 1463 354 1496 Coniunctiv.
371 1463 457 1494 ibid.
482 1462 587 1494 iubeo
605 1462 669 1493 tibi
695 1463 759 1493 hoc

131 1510 257 1547 facias,
278 1508 384 1540 iubeo
409 1508 470 1539 tibi
495 1511 532 1538 ut
558 1508 626 1538 hoc
649 1507 759 1538 facias

131 1552 217 1584 ibid.
244 1553 347 1584 iubeo
373 1552 498 1584 valere
522 1552 601 1584 206.

85 1599 348 1630 {iureconsultus
358 1598 392 1628 et
403 1597 672 1629 iurisconsultus
682 1595 758 1628 193.

84 1644 293 1676 lustinus
318 1642 396 1674 181.

82 1689 256 1720 Iuventus
280 1689 442 1720 studiosa
467 1686 542 1718 183.

83 1734 297 1765 Laetificare
322 1733 399 1764 177.

83 1780 247 1811 Latinum
281 1779 315 1809 et
344 1780 539 1810 Romanum
564 1775 644 1807 190.
683 1776 758 1806 La-

128 1825 203 1856 tina
227 1824 396 1855 cathedra
422 1823 497 1853 185.
521 1820 600 1853 208.
631 1820 759 1851 Latini

96 1907 107 1913 -
127 1868 307 1900 sermonis
333 1867 550 1907 proprietas
579 1866 758 1907 quaedam

81 1959 272 1990 Lectiones
297 1956 374 1988 182.
401 1955 481 1988 183.

84 2005 215 2035 Lector
242 2002 319 2034 182.
344 2002 502 2033 lectores
528 1999 604 2031 183.

81 2049 224 2088 Legere
247 2048 270 2078 i.
296 2054 330 2087 q.
354 2048 509 2078 recitare
533 2044 608 2076 186.
636 2042 712 2074 187.

81 2093 282 2134 Leidensis,
309 2091 661 2131 Lugduno-Batavus
680 2088 756 2119 183.

82 2138 241 2169 Libellus
265 2137 491 2167 doctissimus
518 2135 596 2166 178.

81 2183 189 2214 Liber
211 2184 247 2213 in
270 2181 396 2223 Folio,
421 2179 586 2220 (Quarto,
609 2178 758 2214 Octavo,

127 2225 362 2264 Duodecimo)
398 2226 510 2257 editus
546 2224 623 2255 199.
664 2224 757 2255 liber

126 2272 255 2312 prodiit
285 2271 498 2311 Goettiugae
534 2267 755 2309 (Goettinga)

125 2316 213 2347 ibid.
246 2316 347 2347 libris
369 2316 507 2347 heluari
532 2312 608 2345 180.

80 2361 205 2393 Libido
229 2360 305 2391 202.

81 2407 247 2438 Libraria
270 2406 417 2436 taberna
443 2403 521 2435 180.

82 2452 250 2483 Linearis
275 2453 414 2488 pictura
440 2449 517 2480 173.
540 2447 618 2479 202.

81 2497 226 2530 Literae
251 2496 482 2526 humaniores
504 2492 585 2524 207.

80 2540 282 2572 Literarius
305 2539 384 2571 196.

78 2585 302 2617 Literatura:
329 2586 364 2615 in
383 2586 457 2615 tota
474 2582 659 2613 literatura
674 2580 752 2612 178.

127 2627 175 2669 cf.
200 2628 278 2659 183.
302 2628 397 2660 extr.

78 2673 260 2708 Literatus
283 2674 382 2706 orbis
411 2670 496 2705 202.
533 2671 677 2704 litei-ata
700 2671 754 2704 ci-

872 209 968 240 vitas
1005 204 1084 238 197.
1129 204 1210 236 185.
1250 204 1392 236 litei-ata
1426 204 1503 236 vita

875 254 954 285 182.
979 253 1158 284 literatum
1184 251 1292 282 otium
1316 247 1395 280 181.

828 300 986 330 Livius
1013 297 1087 328 174.
1115 296 1191 328 175.
1218 294 1292 327 181.
1318 293 1396 324 182.
1421 293 1500 327 189.

874 342 935 373 bis.
974 341 1049 373 190.
1091 341 1167 373 191.
1205 340 1282 372 196.
1318 338 1395 371 197.
1437 337 1501 369 bis.

873 387 952 419 200.
980 387 1060 418 204.

829 433 915 463 Loci
942 432 1017 463 171.
1044 431 1123 462 205.

831 478 992 518 Longius
1017 477 1154 507 ductum
1179 475 1249 516 i-q.
1274 474 1501 515 arcessitum,

876 525 1034 553 coactum
1060 521 1135 552 175.

830 568 987 607 Longum
1013 567 1061 597 sit
1085 564 1169 606 (est)
1194 563 1270 595 180.

830 613 940 651 Loqui
966 620 1042 642 cum
1067 611 1181 650 aliquo
1207 608 1285 641 170.
1322 616 1399 640 cum
1424 608 1500 639 Eu-

876 657 978 688 andri
1001 660 1114 688 matre
1138 651 1223 686 ibid.

829 703 993 734 Lubitus:
1019 700 1091 731 vid.
1118 700 1198 731 Pro.

830 748 1076 778 Lucretius
1101 743 1182 776 172.

828 791 1045 823 Lucubratio
1072 790 1149 820 191.
1174 788 1347 819 nocturna
1370 785 1458 818 ibid.

829 837 1047 868 Luculentus
1062 835 1209 875 reditus,
1223 833 1403 864 luculenta
1418 840 1503 863 con-

873 882 979 920 ditio,
1004 879 1202 919 hereditas,
1229 878 1426 909 luculentae
1450 877 1504 907 di-

876 927 995 964 vitiae,
1019 923 1234 955 luculentum
1258 923 1503 962 patrimonium

874 970 951 1001 179.
976 970 1152 1000 luculenta
1177 971 1323 1007 captura
1346 967 1422 997 199.
1450 967 1502 998 lu·

875 1016 1051 1047 culentum
1077 1014 1244 1044 salarium
1268 1011 1347 1043 189.

829 1060 947 1093 Ludus
972 1060 1006 1091 et
1036 1060 1136 1090 lusus
1168 1057 1247 1090 201.
1286 1057 1353 1087 ludi
1379 1055 1503 1093 Olym-

875 1106 963 1145 pici,
987 1103 1060 1135 ludi
1085 1102 1257 1142 Olympia,
1282 1101 1355 1132 ludi
1381 1102 1504 1139 Mega-

874 1151 1000 1189 lensia,
1018 1149 1157 1188 Pythia,
1176 1146 1342 1178 Cerealia
1360 1146 1435 1176 197.
1449 1152 1502 1185 sq.

828 1194 908 1225 Lux
940 1194 973 1225 et
1004 1194 1119 1224 lumen
1155 1192 1229 1223 199.
1267 1191 1327 1222 lux
1364 1191 1504 1230 publica

874 1239 950 1269 199.
988 1239 1047 1269 lux
1070 1240 1167 1268 vitae
1190 1235 1268 1267 202.
1305 1236 1365 1267 lux
1390 1235 1503 1266 affun-

874 1283 972 1314 ditur
996 1283 1072 1313 199.
1098 1284 1135 1313 in
1161 1282 1274 1313 lucem
1300 1281 1418 1319 edere,
1442 1286 1503 1311 re-

876 1335 1012 1359 vocare
1035 1326 1114 1357 203.

828 1374 1020 1404 Maecenas
1057 1371 1133 1402 189.
1181 1370 1407 1401 Maecenates
1443 1367 1503 1398 di·

875 1417 1009 1447 cuntur
1025 1417 1232 1455 optimarum
1257 1415 1442 1445 literarum
1467 1416 1503 1445 et

874 1464 999 1493 artium
1026 1463 1164 1500 patroni
1188 1458 1275 1490 ibid.

827 1508 948 1547 Magni
985 1505 1158 1545 (maximi)
1195 1506 1385 1535 aestimare
1426 1501 1502 1533 176.

874 1552 1020 1583 maioris
1044 1553 1233 1582 aestimare
1255 1547 1341 1579 ibid.

828 1598 957 1637 Magno
975 1600 1058 1627 natu
1075 1596 1101 1625 i.
1116 1603 1144 1626 e.
1160 1594 1305 1633 grandis
1323 1594 1406 1624 natu
1425 1592 1503 1623 182.

827 1642 1072 1672 Maledicentia
1098 1641 1131 1671 et
1155 1639 1356 1670 maledictio
1379 1637 1460 1668 204.

827 1689 972 1718 Manere
985 1687 1019 1717 et
1034 1691 1245 1724 exspectare
1258 1684 1407 1724 aliquem
1419 1681 1500 1712 208.

828 1733 974 1763 Manus:
1012 1731 1077 1762 sub
1102 1738 1225 1770 manu,
1257 1729 1321 1760 sub
1345 1735 1501 1767 manum,

873 1779 967 1808 inter
990 1784 1115 1807 manus
1140 1774 1218 1805 174.

828 1821 1057 1853 Martialis
1085 1820 1161 1850 189.

827 1868 975 1897 Materia
988 1865 1031 1897 de
1048 1866 1257 1904 argumento
1272 1858 1409 1903 (rebus)
1422 1858 1500 1892 207.

871 1912 1019 1942 materia
1043 1910 1076 1940 et
1100 1909 1267 1940 materies
1293 1905 1371 1938 181.

826 1956 1066 1994 Megalensia:
1090 1953 1163 1984 vid.
1189 1952 1292 1982 Ludi.

826 2001 992 2031 Memini:
1017 1998 1090 2029 vid.
1115 1997 1215 2035 Quod
1239 1996 1272 2027 et
1296 1995 1345 2026 Si.

826 2046 997 2076 Memoria
1020 2043 1224 2074 recentiore
1250 2040 1327 2071 177.
1359 2040 1398 2072 in
1421 2048 1500 2072 me-

872 2090 1018 2121 moriam
1050 2088 1132 2118 205.
1171 2086 1366 2118 memoriae
1389 2086 1501 2117 incul-

872 2142 955 2166 care
978 2133 1060 2164 187.
1282 2152 1286 2154 .

826 2180 962 2210 Mentio
988 2178 1136 2210 alicuius
1162 2176 1223 2214 (de
1249 2174 1381 2216 aliquo)
1405 2175 1501 2207 inci-

871 2225 921 2255 dit
946 2223 1024 2254 204.
1050 2232 1096 2254 m.
1120 2223 1290 2262 occurrit,
1314 2220 1366 2263 fit,
1389 2221 1500 2253 infer-

872 2273 931 2300 tur
956 2268 1033 2300 199.

824 2316 968 2345 Merces
994 2313 1148 2344 muneris
1176 2311 1249 2342 189.

824 2361 923 2390 Mere
945 2366 1017 2397 pro
1042 2359 1144 2398 plane
1173 2356 1248 2387 176.

823 2404 1031 2435 Moderator
1058 2403 1131 2433 195.

823 2448 1039 2480 Moderatrix
1063 2448 1142 2479 203.

823 2493 949 2525 Modus
962 2495 1122 2524 strictior
1132 2491 1205 2532 (lex
1219 2488 1405 2530 severior)
1416 2489 1496 2523 191.

823 2539 964 2569 Moenia
987 2538 1022 2569 et
1045 2539 1136 2568 muri
1159 2535 1238 2567 201.

823 2585 1053 2617 Momentum:
1085 2590 1145 2612 res
1178 2581 1296 2619 magni
1327 2581 1495 2611 momenti

866 2627 943 2702 236.
979 2627 1047 2660 hoc
1081 2629 1134 2659 est
1169 2626 1289 2666 magni
1322 2626 1494 2658 momenti

865 2671 880 2703 i
904 2671 953 2704 id.

1025 2758 1044 2777 θ
