1833 3237
668 230 999 272 —Ql—

121 344 254 383 deerat
284 345 578 395 commendatio,
611 345 786 392 corporis
809 345 884 381 nisi
907 348 1094 382 venustas
1117 348 1154 382 et
1175 346 1410 396 pulcritudo,
1430 351 1536 385 certe

120 401 365 440 concinnitas
395 405 434 438 et
465 401 653 449 dignitas,
684 402 870 438 iuvenilis
902 402 1028 449 vigor,
1062 403 1239 439 hilaritas
1269 403 1309 439 in
1341 404 1466 453 vultu,
1497 409 1536 441 et

121 467 240 507 quae,
271 460 313 493 ut
343 458 589 494 cum*'l*ullio
614 457 762 506 loquar,
793 461 886 493 sum
903 459 1081 503 minima,
1112 462 1242 495 tamen
1265 460 1369 496 bona
1389 461 1536 497 dican-

118 518 186 551 tur
203 523 360 550 necesse
377 518 445 557 est,
468 513 673 550 candiduli
703 514 852 559 dentes,
883 515 1037 549 remcstc'
1058 516 1174 561 oculi,
1205 517 1312 551 color
1331 514 1533 565 suavis:*)

118 570 291 622 habitus,
320 573 459 618 motus,
490 569 686 614 incessus,
717 572 871 617 gestuS‚
899 569 1088 605 decorus:
1117 570 1233 606 index
1264 572 1436 608 liberalis
1467 573 1535 609 in·-

119 626 356 674 stitutionis',
398 625 566 661 facultas
606 625 745 661 artium
787 626 929 671 quibus
969 636 1111 671 corpus
1150 626 1199 662 ad
1237 628 1455 675 agilitatem
1495 631 1535 664 et

119 681 226 718 vitae
257 692 366 717 usum
397 682 607 729 formatur,
638 681 881 729 saltationis,
914 681 1186 730 equitationis,
1218 683 1449 730 palaestrae,
1481 688 1533 732 et,

117 738 259 783 quibus
291 737 401 773 visus
432 738 669 783 auditusque
699 738 944 785 erudiuntur,
975 735 1135 774 linearis
1166 739 1344 784 picturae
1375 742 1413 776 et
1443 750 1533 775 mu-

116 793 251 842 sicae,
282 794 398 830 huius
429 793 584 839 quidem
615 793 802 829 eiusmodi
842 795 1042 839 profectus
1082 797 1124 830 ut
1154 795 1409 840 probabiliter
1438 795 1534 831 tibia

118 853 296 886 caneret:
337 849 506 894 denique
543 849 762 884 venationis
803 850 971 884 studium
1010 850 1102 885 inde
1141 860 1163 884 a
1204 852 1350 887 teneris
1388 861 1533 887 susce-—

115 907 236 953 ptum,
269 906 308 940 et
338 914 550 952 progressu
591 904 736 939 aetatis
767 904 815 939 ad
855 905 1061 940 scientiam
1093 909 1131 940 et
1162 908 1351 942 rationem
1382 907 1531 952 perdu-

115 963 240 996 ctum:
271 961 320 996 de
346 960 487 1006 quibus
516 960 693 996 artificiis
717 959 936 1006 studiisque
958 970 1043 995 cum
1064 961 1199 996 horum
1225 962 1372 1007 peritis,
1394 973 1531 1006 quam-

113 1026 227 1062 quam
257 1016 476 1064 illiteratis,
507 1018 582 1052 tam
622 1016 811 1061 libenter,
852 1016 1042 1064 iucunde,
1083 1017 1353 1064 intelligenter
1390 1019 1532 1053 confa-

111 1072 334 1120 bulabatur,
365 1083 477 1118 quam
508 1072 556 1107 de
587 1072 731 1107 biteris
762 1083 848 1108 cum
879 1073 1058 1108 literatis.
1092 1074 1200 1116 Quae
1231 1074 1343 1108 dotes
1374 1074 1527 1109 etiarnsi

113 1128 284 1176 exiguae
314 1129 413 1176 sint,
444 1129 479 1164 si
510 1139 597 1164 cum
629 1128 779 1175 ingenii
812 1129 1090 1174 doctrinaeque
1121 1129 1333 1165 virtutibus
1365 1140 1531 1175 compa-

109 1188 257 1230 rentur,
286 1184 462 1220 advenae
493 1187 532 1219 et
563 1183 707 1229 hospiti
738 1185 975 1230 multiplices
999 1195 1116 1220 ansas
1138 1185 1405 1220 conciliandae
1426 1185 1530 1221 mul-

111 1243 236 1276 torum
268 1239 430 1275 notitiae
460 1239 733 1285 amicitiaeque
759 1241 1009 1286 praebebant,
1041 1240 1324 1286 plurimumque
1349 1240 1532 1276 valebant

110 1295 159 1332 ad
190 1294 409 1333 benivolam
440 1295 660 1342 opinionem
691 1296 826 1346 vulgi,
858 1296 969 1332 cuius
1000 1296 1039 1331 in
1071 1306 1187 1331 manu
1218 1296 1528 1332 doctissimorum

108 1363 229 1399 saepe
260 1352 455 1388 hominum
496 1352 621 1398 posita
660 1354 719 1387 est
750 1355 917 1390 fortuna.
977 1353 1041 1387 Ad
1072 1352 1146 1388 hoc
1186 1353 1295 1400 vulgi
1326 1350 1593 1398 praeiudi-31

108 1409 211 1445 cium
243 1419 359 1455 quum
389 1409 597 1444 accederet
625 1408 811 1444 iudicium
844 1419 1073 1456 magnorum
1104 1409 1295 1456 virorum,
1326 1409 1364 1444 in
1394 1409 1530 1456 prim³s

108 1464 413 1514 Hemsterhusii,
443 1465 508 1511 qui
539 1475 624 1500 eum
657 1465 795 1511 quovis
826 1466 865 1500 in
896 1475 1074 1500 sermone
1105 1468 1143 1500 et
1173 1475 1393 1513 congressu
1424 1466 1529 1501 haud

109 1522 278 1557 obscure
317 1521 406 1557 aliis
444 1521 759 1556 adolescentibus
805 1524 844 1557 et
875 1522 1134 1568 praeponebat
1165 1525 1204 1557 et
1234 1522 1273 1557 in
1305 1522 1526 1567 exemplum

110 1577 372 1626 proponebat,
403 1577 515 1613 brevi
545 1578 691 1613 factum
723 1579 802 1625 est,
833 1581 875 1613 ut
906 1577 1187 1613 studiosissimi
1228 1578 1370 1623 quique
1400 1578 1526 1612 bona-

109 1644 195 1669 rum
226 1633 446 1670 Literarum
478 1633 642 1668 iuvenes
674 1633 760 1668 eius
791 1634 999 1669 amicitiam
1031 1637 1275 1679 expeterent,
1308 1636 1345 1668 et
1377 1643 1526 1677 paren-

106 1692 168 1725 tes
199 1700 286 1725 eum
316 1689 407 1725 filiis
432 1699 578 1724 morum
610 1689 903 1734 studiorumque
933 1690 1173 1735 praefectum
1201 1689 1420 1736 adiungere
1450 1699 1526 1724 cu-

105 1749 255 1795 perent.
314 1744 545 1781 Huiusmodi
575 1745 642 1780 ille
672 1745 862 1780 stationes
894 1746 1032 1780 lubens
1063 1744 1303 1791 accipiebat,
1334 1755 1420 1779 cum
1454 1754 1524 1779 suo

104 1801 192 1848 ipse
221 1800 383 1846 iudicio,
415 1810 490 1846 quo
521 1800 667 1835 diutius
698 1800 847 1845 copiam
879 1801 1041 1835 haberet
1073 1800 1262 1834 fruendae
1289 1799 1522 1844 disciplinae

103 1857 501 1895 ilemsterhusianae:
532 1859 611 1891 tum
649 1858 811 1891 auctore
854 1856 893 1891 in
932 1855 1066 1901 primis
1097 1856 1180 1901 ipso
1211 1856 1522 1901 llemsterhusio,

104 1913 170 1961 qui
210 1914 258 1949 ab
288 1913 400 1949 initio
430 1913 559 1948 statim
590 1911 688 1947 illud
719 1913 861 1959 agebat
899 1916 940 1947 ut
970 1912 1248 1947 Ruhnkenium
1289 1911 1327 1946 in
1360 1912 1522 1947 Batavia

103 1970 313 2018 retineret,
355 1973 392 2004 et
431 1969 639 2013 aliquando
670 1968 707 2002 in
741 1968 927 2003 cathedra
957 1968 1182 2003 collocaret.
1243 1967 1350 2008 Quod
1383 1968 1521 2012 perfe-

104 2026 159 2062 cit
196 2025 374 2071 tandem,
416 2024 592 2069 quamvis
633 2023 773 2058 multos
804 2026 889 2069 post
921 2032 1068 2070 annos,
1108 2023 1449 2069 Hemsterhusius,
1482 2025 1521 2058 et

102 2081 385 2119 immortalibus
424 2080 508 2115 suis
538 2080 576 2114 in
608 2079 770 2124 patriam
812 2071 960 2115 meritis
1002 2079 1104 2114 hunc
1134 2079 1278 2114 adiecit
1308 2079 1518 2125 cumulum,

102 2140 146 2173 ut
177 2138 214 2172 ei
255 2136 532 2173 Ruhnkenium
572 2135 742 2171 futurum
783 2145 894 2170 suum
926 2134 1055 2170 laudis
1086 2135 1288 2182 heredem,
1320 2130 1369 2169 et*
1388 2135 1517 2170 bona-

102 2203 186 2230 rum
216 2193 437 2229 Litcrarum
467 2195 647 2227 statorem
680 2192 863 2226 formaret
894 2201 940 2226 ac
971 2190 1202 2226 vindicaret.

192 2248 412 2284 -Attulerat
442 2247 647 2283 multarum
678 2246 953 2291 doctrinarum,
984 2246 1099 2287 luris,
1125 2243 1398 2291 Historiarum,
1425 2245 1516 2280 An-

101 2304 338 2351 tiquitatum,
371 2304 590 2339 Litcrarum
622 2304 857 2338 Graecarum
879 2304 916 2336 et
941 2301 1181 2346 Latinarum,
1212 2301 1388 2346 aliarum,
1414 2300 1516 2338 haud

101 2359 421 2397 contemnendam
453 2359 681 2405 scientiam,
712 2357 927 2392 inchoatam
960 2355 1099 2402 puerili
1128 2356 1395 2402 institutione,
1426 2365 1514 2391 mox

99 2415 416 2463 Wittebergensi
455 2414 662 2459 disciplina
701 2413 842 2447 cultam
882 2416 921 2448 et
959 2412 1257 2458 locupletatam3
1298 2414 1338 2447 ut
1370 2411 1513 2446 nullam

100 2482 177 2509 non
214 2472 254 2508 in
294 2472 369 2508 hoc
408 2479 557 2518 genere
587 2468 807 2504 cathedram
839 2478 977 2504 ornare
1007 2468 1186 2513 tuerique
1217 2470 1369 2512 posset:
1400 2467 1514 2502 cuius

101 2521 290 2564 scientiae
329 2527 363 2563 si
404 2526 467 2571 qui
507 2525 570 2561 vel
610 2523 804 2559 dimidiam
849 2527 887 2559 et
926 2524 1042 2559 multo
1072 2524 1171 2559 adeo
1202 2523 1389 2559 minorem
1421 2532 1514 2569 par-

100 2585 176 2630 tem
214 2585 349 2619 tenent
388 2582 660 2617 adolescentes
699 2580 919 2626 popularem
951 2590 1081 2615 auram
1113 2581 1330 2626 captantes,
1354 2581 1401 2624 yut
1431 2572 1570 2614 sibi32

100 2638 271 2684 placent!
302 2641 344 2683 ut
371 2649 416 2674 se
445 2636 634 2673 efferunt!
666 2639 708 2671 ut
737 2636 835 2672 alios
866 2646 959 2681 prae
989 2646 1033 2671 se
1061 2637 1337 2681 contemnunt„
1356 2636 1395 2669 et
1413 2633 1513 2669 Pro-

100 2684 295 2730 fessorum
333 2694 492 2730 scholas
521 2691 765 2738 despiciunt!
826 2692 881 2728 At
917 2690 1216 2739 Ruhnkenium,
1247 2699 1269 2727 o
1299 2689 1510 2737 superbum

99 2815 131 2851 ⁶)
156 2814 262 2847 Tusc.
289 2814 331 2856 V,
354 2813 408 2847 14.
433 2821 478 2846 ex
501 2815 623 2847 vetere
647 2812 768 2844 Poeta.
