1816 3233
651 90 961 133 —229—

95 205 226 237 Emere
245 203 372 243 grandi
393 209 491 245 aere,
507 210 634 244 magna
647 202 772 245 (gran-

138 248 194 285 di)
218 250 366 287 pecunia
391 246 468 280 180.

97 294 149 325 En
173 291 251 323 186.

95 337 322 371 Euenit-idion
347 336 426 368 195.

95 383 216 415 Enim:
254 383 321 412 hoc
358 382 451 413 enim
490 383 544 413 est
561 404 572 425 ‚

136 429 237 458 =enim
260 425 340 457 194.

94 473 367 504 Entnusiasmus
390 470 571 502 170.196.

612 382 679 414 hoc
713 384 770 414 est

21 551 28 556 .
93 516 414 557 Epigrammatibus
446 524 496 547 an
527 518 767 556 epigramma-

142 564 187 593 tis
209 560 289 592 175.

95 606 337 646 Epistularum
361 605 582 636 consuetudo
605 605 685 637 203.

94 652 248 689 Ereptus
273 651 324 681 his
351 652 478 690 tei-ris,
514 651 618 682 rebus
649 652 770 682 huma-

141 697 197 727 nis
221 694 298 726 175.

95 742 228 773 Errare
257 747 419 771 errorem
452 740 544 771 liunc
578 739 658 771 174.
695 739 769 781 (cf.

139 783 268 816 Krebs.
291 783 481 815 Antibarb.
504 792 590 826 pay.
615 784 709 825 325.)

98 831 263 863 Eruditus
279 830 391 860 etiam
405 829 577 860 inanimis
591 829 769 861 tribuitur

141 875 219 907 195.
244 874 401 906 eruditus
423 878 554 906 teri-ar.
574 875 671 906 orbis
690 876 767 907 169.

142 919 286 951 erudita
310 921 437 950 civitas
462 919 540 950 185.

95 965 187 996 Esse
210 965 254 996 ab
279 961 378 1005 (abs,
401 962 438 1003 a)
473 972 512 995 re
533 963 614 995 206.
652 965 769 1004 magni

143 1010 312 1040 momenti
333 1008 416 1039 206.
448 1013 504 1041 est
528 1011 628 1048 parvi
660 1010 768 1048 pretii

138 1054 217 1085 176.
257 1056 314 1084 est
335 1053 396 1084 ubi
426 1059 509 1084 cum
534 1052 768 1085 Conium-tivo

141 1097 369 1129 construitur
392 1096 470 1129 182.

93 1143 141 1174 Et
163 1160 207 1166 —
233 1144 341 1174 etiam
368 1141 445 1173 194.
471 1146 507 1174 et
529 1144 605 1182 ipse
630 1142 705 1174 176.

93 1188 228 1220 Etiam:
252 1195 390 1227 quoque
414 1189 521 1219 etiam
546 1187 625 1218 194.

92 1233 297 1271 mantum,
321 1236 394 1263 tum
417 1234 520 1263 etiam
542 1231 617 1262 173.
641 1233 768 1263 etiam-

134 1280 211 1308 tum
235 1285 337 1316 quum
361 1277 473 1308 adhuc
498 1276 579 1308 193.

93 1322 281 1363 Evigilare
303 1321 329 1351 i.
354 1329 382 1352 e.
407 1322 608 1362 expergisci
630 1319 710 1352 208.

94 1367 168 1399 Ex:
204 1365 278 1397 vid.
317 1365 438 1397 Ordo:
478 1373 523 1397 ex
563 1367 768 1397 recentiore

138 1414 256 1443 aetate
280 1410 360 1441 libri
383 1408 463 1440 171.

93 1456 287 1487 Exantlare
311 1454 389 1486 180.

94 1501 320 1533 Excelluisse
359 1498 470 1540 form.
513 1497 614 1539 Perf-
651 1499 769 1530 minus

93 1581 114 1587 A
137 1545 280 1576 usitata
303 1543 384 1576 202.

94 1591 302 1630 Excerpere
326 1589 404 1620 176.
429 1587 512 1619 180.-

93 1637 273 1675 Excerpta
298 1633 376 1666 180.

93 1681 288 1719 Excerptio
314 1678 396 1711 190.
422 1677 545 1710 sedula
568 1675 655 1709 ibid.

94 1725 280 1758 Excudere
304 1724 382 1756 198.

94 1771 287 1802 Excultum
310 1769 477 1801 iudicium
501 1766 579 1798 176.

92 1815 300 1854 Exemplum
332 1813 412 1845 184.
451 1812 600 1851 exempl.
632 1819 766 1850 propo-

138 1867 228 1891 nere
252 1859 423 1899 aliquem,
444 1859 482 1889 in
506 1857 656 1896 exempl.
681 1865 767 1896 pro-

141 1912 275 1944 ponere
300 1903 379 1935 173.

93 1950 423 1982 Exercitamentum
466 1954 539 1986 pro
586 1948 767 1978 exercita-

141 1997 237 2026 tione
262 1991 339 2025 174.

93 2040 340 2072 Exercitatum
364 2037 528 2068 iudicium
553 2035 631 2067 176.

95 2084 313 2116 Exercitium
330 2089 402 2121 pro
418 2082 671 2113 exercitatione
688 2080 766 2112 174.

95 2129 316 2161 Exhaurire:
339 2126 413 2158 vid.
438 2126 676 2158 Pulvisculus.

93 2174 303 2206 Exliilarare
328 2172 408 2203 172.
433 2171 510 2202 177.
534 2171 616 2203 193.

94 2219 331 2251 Existimator
353 2217 378 2246 i.
402 2223 435 2256 q.
460 2217 564 2248 iudex
589 2215 665 2247 181.

95 2264 237 2295 Exitus:
262 2262 306 2294 ad
329 2263 462 2294 exitum
484 2261 562 2293 176.

95 2308 328 2347 Experientia
351 2306 428 2338 194.

95 2351 350 2392 Experiri197.
370 2352 504 2383 amicos
518 2349 671 2390 perfidos
679 2348 766 2380 ibid.

94 2398 282 2437 Explicare
324 2397 442 2433 libris,
480 2398 516 2426 in
551 2396 650 2426 libris
686 2394 766 2427 204.

141 2443 293 2481 explicui
322 2449 371 2471 an
394 2441 567 2480 explicavi
590 2439 665 2470 176.
703 2448 766 2471 ex·-

139 2487 280 2527 plicitus
304 2493 354 2516 an
376 2486 572 2525 explicatus
596 2484 675 2516 176.

94 2531 327 2571 Exspectare,
354 2538 500 2561 manere
518 2530 670 2570 aliquem
686 2529 768 2560 208.

94 2576 238 2608 Exuere
277 2576 453 2607 hominem
493 2575 518 2605 ι’.
554 2583 582 2607 e.
619 2576 769 2606 hominis

139 2620 291 2652 formam
312 2619 396 2651 205.

95 2664 234 2698 Facere
257 2672 402 2708 operam
418 2663 495 2698 180.

840 203 1034 234 Facultatis
1058 202 1198 234 modum
1222 202 1412 234 consulere
1428 203 1510 235 205.

840 249 985 280 Familia
1010 248 1087 279 181.
1119 247 1195 278 186.
1225 248 1304 279 200.
1343 248 1511 279 familiam

884 294 1014 323 ducere
1039 293 1116 324 193.

838 338 1064 369 Fainulitium
1091 337 1167 368 184.

837 382 998 422 Farrago
1026 382 1101 413 184.

839 428 1003 459 Festus
1030 427 1107 457 184.

837 472 994 503 Filiabus
1019 473 1153 503 duabus
1176 478 1248 511 pro
1270 470 1353 502 filiis
1377 470 1512 502 duabus

838 561 1011 602 Fingere,
1043 561 1180 597 fineen-e
1204 561 1273 592 sibi
1297 561 1512 601 cogitatione

885 605 1030 646 (animo)
1058 600 1133 637 172.

839 651 938 682 Finis
964 653 1040 683 173.
1073 652 1116 682 ad
1142 651 1246 682 finem
1271 649 1349 681 176.
1377 650 1420 681 ad
1444 649 1510 689 (in)

885 705 962 727 eum
987 697 1089 727 finein
1115 696 1192 728 190.

839 741 1022 773 Fluctibus
1048 744 1171 772 iactari
1196 740 1274 771 208.

838 786 970 818 Forma
1016 787 1190 825 quadrata
1251 783 1511 825 (quaternaria)

883 832 999 862 editus
1023 830 1114 861 liber
1140 832 1217 862 199.
1250 832 1286 861 in
1312 831 1427 861 forma
1450 830 1510 860 bi-

886 879 1007 913 naria,
1049 877 1255 913 octonaria,
1296 875 1512 905 duodenaria

884 921 1000 952 editus
1024 921 1105 951 ibid.
1139 921 1332 952 formarum
1365 920 1511 959 elegans

881 968 1065 1005 spectator
1090 965 1169 996 191.

836 1011 946 1042 Forte
968 1017 1039 1049 pro
1057 1010 1210 1040 fortasse
1239 1008 1319 1039 175.
1336 1006 1412 1038 183.
1430 1006 1510 1039 184.

882 1056 958 1086 195.
977 1057 1007 1085 si
1023 1054 1117 1093 (nisi,
1136 1062 1193 1093 ne,
1214 1053 1309 1094 num)
1325 1053 1418 1085 forte
1436 1053 1509 1084 175.

836 1100 1006 1131 Fronto
1027 1098 1105 1129 198.

836 1145 1044 1176 Frustratus
1059 1143 1196 1183 passiv.
1210 1140 1334 1183 signif.
1344 1141 1509 1173 185.201.

836 1191 918 1227 Fui,
944 1191 1069 1220 fuerim
1102 1190 1188 1229 (non
1218 1187 1377 1228 fuissem)
1411 1188 1509 1218 habi-

882 1238 991 1273 turus,
1014 1236 1045 1264 si
1069 1234 1136 1264 etc.
1160 1233 1239 1264 195.
1519 1234 1524 1236 '

838 1279 1021 1310 Fundator
1047 1278 1126 1308 189.

839 1323 1019 1354 Gellius
1047 1322 1123 1353 178.
1149 1321 1226 1352 190.

837 1368 971 1399 Genius
997 1367 1127 1398 saeculi
1151 1365 1231 1396 205.

838 1413 975 1444 Gerere
998 1421 1074 1443 rem
1098 1420 1162 1442 suo
1183 1411 1333 1449 remigio
1346 1409 1422 1440 184.
1446 1417 1511 1448 ge-

884 1464 965 1489 rere
989 1465 1029 1487 se
1056 1457 1181 1487 bouum
1208 1453 1328 1494 (bene)
1355 1454 1389 1484 et
1401 1453 1509 1484 simil.

881 1501 961 1532 198.
1001 1501 1080 1541 quid
1114 1509 1230 1532 rerum
1267 1493 1392 1537 geris?
1429 1498 1510 1538 quid

883 1548 1019 1586 negotii
1044 1539 1210 1586 geritur?
1242 1544 1317 1575 198.

837 1590 963 1622 Gloria
994 1591 1037 1621 (le
1062 1592 1254 1629 cupiditate
1285 1589 1424 1628 gloriae
1454 1588 1511 1618 vel

882 1637 1123 1667 ostentatione
1149 1635 1225 1665 188.
1264 1635 1404 1675 gloriae
1433 1641 1509 1664 am-

883 1681 968 1712 bitio
993 1680 1069 1711 179.

838 1724 998 1756 Gloriola
1023 1724 1100 1755 188.

837 1769 970 1801 Glossa
994 1769 1074 1800 176.
1100 1769 1174 1799 193.

837 1815 1058 1846 Glossarium
1084 1813 1166 1844 176.

835 1859 1023 1891 Glossema
1047 1857 1124 1890 193.

835 1903 1028 1936 Graeca:

859 1946 1087 1988 γαγγαλὶἶειν,
1111 1943 1327 1989 γαργαλίζειν
1351 1944 1431 1976 181.

859 1991 1018 2034 ἐπαγωγή
1048 1991 1124 2022 174.

858 2037 916 2069 ἐπὶ
943 2038 1017 2069 191.

858 2084 916 2113 καὶ
934 2083 1049 2113 ταῦτα
1074 2081 1150 2112 169.

859 2125 957 2167 λόγος
972 2125 1059 2157 κατά
1073 2136 1165 2161 τινος
1188 2124 1223 2156 et
1235 2121 1321 2168 πρός
1335 2134 1414 2155 τινα
1427 2123 1506 2154 195.

857 2171 1065 2211 μελαγχολίαι
1090 2170 1167 2201 194.

859 2215 892 2248 οἱ
913 2218 974 2248 νῦν
999 2213 1202 2260 ἄνθρωποι,
1233 2221 1325 2246 nunc
1347 2213 1508 2244 homines

857 2304 1021 2359 θυρανιον
1044 2311 1145 2335 0001!
1177 2300 1370 2348 ἦμαρῒηκέν
1401 2314 1441 2335 011
1444 2300 1509 2347 ρά-

879 2350 954 2382 νιόν
978 2348 1010 2389 γ’
1037 2346 1119 2380 ὅσον
1143 2350 1220 2380 187.

858 2393 983 2430 σκοπός
1007 2393 1086 2424 173.

858 2439 893 2471 τί
917 2451 971 2471 σοι
995 2439 1155 2475 φαίνεται
1179 2434 1199 2477 ἦ
1224 2435 1318 2480 ψυχή
1350 2433 1383 2475 (ὁ
1408 2435 1509 2477 λόγος

882 2485 915 2515 el
938 2483 1082 2523 Simil.),·
1120 2483 1156 2514 τί
1180 2481 1360 2520 ἐφαίνοντό
1385 2492 1441 2513 σοι
1474 2479 1509 2513 οἵ

881 2526 1020 2571 ἇνδρες-ς
1046 2527 1122 2559 197.

858 2574 1114 2623 τυπογραφεῖσν
1136 2571 1219 2603 200.

858 2616 1003 2660 φαιδρὸν
1026 2615 1211 2661 ποόσωπον
1235 2615 1313 2647 177.

858 2630 1066 2708 φαιδρύνων
1079 2660 1158 2692 177.
