1816 3233
840 161 1148 204 -200—

292 235 370 273 Pag.
380 236 426 267 ed.
437 235 535 272 princ.

448 279 517 320 sq.)
565 276 689 310 Cicero
714 284 815 316 quam
838 276 999 308 studiose
1023 284 1100 308 eum
1126 275 1308 315 vitaverit,
1345 283 1389 307 ex
1411 275 1467 308 his
1491 275 1588 307 clare
1615 282 1700 315 per-

448 325 614 364 spicitur:
646 323 707 363 „si
730 324 863 355 iniuste
885 322 1059 353 neminem
1082 322 1206 361 laesit,
1227 322 1259 352 si
1280 320 1416 351 nullius
1439 329 1545 353 aures
1569 321 1700 352 volun-

449 372 605 400 tatemve
635 367 800 406 violavit,
831 369 864 399 si
894 367 1048 410 nemini,
1081 372 1116 398 ut
1146 366 1322 399 levissime
1354 365 1485 407 dicam,
1518 366 1599 399 odio
1631 373 1700 398 nec

449 415 543 445 domi
568 420 634 444 nec
657 413 802 444 militiae
826 413 926 444 fuit.“
959 421 1021 453 pro
1046 414 1142 451 Mur.v
1159 411 1214 443 40.
1240 412 1274 451 S.
1297 411 1354 442 87.

294 457 488 491 199.vs.12.
513 458 552 489 in
575 457 812 498 adipiscendo
832 457 1020 497 Gymnasii
1045 474 1085 480 —
1109 456 1323 488 Rectoratu.
1363 455 1473 487 Immo
1504 455 1544 486 in
1573 455 1701 496 adipi-

448 504 579 536 scendo
619 511 766 536 munere
808 502 976 536 Rectoris
1001 502 1198 543 Gymnasii.
1261 501 1315 533 Cf.
1354 500 1484 533 Krebs.
1520 501 1701 534 Antibarb.

450 558 528 590 pag.
553 549 632 581 680.

294 593 414 627 200.-
432 594 464 626 1.
488 595 528 626 in
548 594 739 635 praesente
761 593 828 625 hoc
851 593 957 626 libro.
1004 593 1111 625 lmmo
1136 592 1175 623 in
1198 591 1262 622 hoc
1286 590 1391 622 libro.
1439 591 1509 622 Sed
1531 598 1704 630 praesens

451 642 518 672 iam
542 643 578 673 in
603 641 847 680 superioribus
872 640 1058 680 aliquoties
1077 638 1230 670 vidimus
1247 639 1360 670 minus
1378 638 1467 669 bene
1485 640 1702 677 usurpatum.

452 686 549 724 Quod
574 688 690 717 statim
715 687 878 726 sequitur
903 694 942 717 eo
967 683 1129 716 breviore
1151 691 1248 715 nunc
1279 682 1616 714 commemoratione
1639 682 1704 714 de-

447 729 555 772 funqi
580 738 791 774 possumuS,
830 739 874 762 ne
904 733 1017 771 ipsum
1049 730 1188 771 quidem
1225 731 1314 761 satis
1349 734 1429 768 apte
1469 729 1599 759 dictum
1637 731 1705 760 est.

451 776 558 809 Certe
589 785 655 817 pro
686 775 903 817 defunyendi
934 777 1041 808 verbo
1082 779 1267 815 exspectes
1297 774 1374 812 uti,·
1414 781 1620 815 quamquam
1653 776 1706 806 sic

451 824 568 862 potius
600 822 816 854 scribendum
847 823 955 854 fuisse
987 823 1171 853 existimo:
1211 828 1250 852 eo
1277 818 1514 860 paucioribus
1542 826 1639 849 nunc
1662 819 1707 851 de

453 867 499 898 iis
523 865 707 898 absolvere
735 875 946 907 possumus;
984 868 1025 898 ad
1056 875 1159 907 quam
1190 868 1363 898 rationem
1397 865 1484 895 dixit
1515 865 1707 896 Sallustius

453 913 497 944 de
530 911 709 944 Catilinae
748 913 998 944 coniuratione
1031 920 1071 943 se
1105 911 1237 951 paucis
1272 911 1364 943 velle
1402 909 1608 941 absolvere.-
1648 910 1708 941 vel

454 959 557 990 etiam
581 960 648 990 sic:
683 966 723 990 eo
751 957 990 998 paucioribus
1020 965 1117 988 nunc
1145 957 1269 988 cetera
1292 955 1475 988 absolvere
1496 962 1707 996 possumus,-

454 1003 547 1042 quod
572 1004 655 1035 item
680 1006 818 1036 accedit
840 1006 880 1036 ad
906 1011 1107 1035 sermonem
1131 1003 1392 1033 Sallustianum.

317 1065 353 1071 -
383 1064 418 1071 -
435 1047 467 1079 4.
493 1049 665 1087 epistolas
687 1049 811 1080 mutuo
833 1049 980 1080 nostras
1010 1048 1044 1079 et
1075 1046 1396 1088 confabulationes.
1443 1046 1536 1077 Malo
1565 1045 1709 1076 mutuas

456 1093 628 1132 epistolas
659 1095 806 1125 nostras
840 1095 874 1125 et
903 1101 1083 1125 sermones
1113 1102 1141 1125 s.
1169 1092 1362 1134 colloquia.
1410 1091 1464 1123 De
1488 1090 1711 1132 confabula-

455 1137 611 1170 tionibus
634 1140 679 1170 cf·
705 1148 814 1179 supra
837 1140 880 1171 ad
900 1139 957 1180 30,
983 1139 1037 1170 17.

317 1201 354 1207 —
383 1201 420 1208 —
436 1183 490 1216 10.
514 1192 617 1216 serae
641 1201 684 1207 -—
705 1185 944 1224 posteritatis.
992 1183 1091 1216 Ovid.
1117 1191 1171 1224 ep.
1196 1191 1241 1215 ex
1265 1183 1364 1215 Pont.
1389 1181 1425 1224 1,
1448 1182 1486 1223 4,
1509 1181 1567 1214 24.
1594 1180 1712 1221 Quam

456 1229 602 1261 laudem
625 1238 649 1260 a
671 1238 756 1262 sera
778 1230 993 1270 posteritate
1014 1228 1126 1270 ferat.

319 1291 356 1299 -
383 1291 422 1299 —
439 1275 493 1307 18.
518 1274 741 1316 reformatis.
766 1278 788 1306 i.
815 1285 846 1307 e.
872 1278 1035 1315 mutatiS,
1060 1275 1273 1312 emendatis,
1298 1274 1488 1314 correctis,
1513 1276 1552 1306 ut
1575 1273 1712 1305 Plinius

457 1321 545 1351 dixit
567 1321 701 1362 Paneg.
726 1330 756 1353 c.
780 1322 836 1352 53.
868 1319 1074 1361 reformare
1102 1319 1163 1362 [et
1186 1317 1398 1361 corriyere]
1426 1327 1544 1350 mores
1574 1318 1714 1359 depra-

456 1366 570 1396 vatos.
626 1368 702 1398 Alia
734 1370 815 1398 sunt
845 1376 933 1407 quae
968 1367 1056 1406 apud
1097 1367 1195 1398 solos
1228 1370 1366 1406 poetas,
1403 1365 1471 1396 alia
1502 1372 1593 1405 quae
1624 1364 1713 1404 apud

455 1417 580 1451 poetas
603 1419 716 1452 aeque
741 1420 784 1443 ac
803 1421 928 1451 prosae
947 1413 1118 1443 orationis
1135 1413 1334 1452 scriptores
1359 1411 1537 1452 leguntur.
1569 1409 1713 1441 BERG-

457 1457 569 1488 MAN.
620 1457 673 1488 Cf.
699 1457 828 1489 Krelis.
853 1458 968 1489 Antib.
995 1466 1072 1498 pag.
1099 1457 1176 1487 683.

300 1500 425 1535 em.-
440 1501 473 1533 1.
498 1501 543 1533 In
564 1500 720 1533 Mureto.
767 1503 863 1534 Malo
886 1501 1042 1534 Mureto.
1089 1502 1142 1534 Cf.
1166 1501 1208 1533 ad
1232 1501 1290 1540 21,
1315 1500 1368 1533 10.

321 1564 356 1572 -
388 1548 495 1580 —13.
520 1547 729 1588 eleqantias.
785 1549 861 1579 Hoc
896 1549 1019 1589 plurali
1052 1549 1107 1579 sic
1139 1548 1325 1588 aliquoties
1357 1554 1445 1578 usus
1482 1548 1537 1578 est
1568 1545 1716 1577 Gellius.

459 1594 629 1624 Usuauoi·
658 1602 745 1625 saue
779 1599 884 1634 atque
916 1596 1032 1633 aptior
1057 1595 1090 1624 in
1116 1594 1182 1625 liae
1205 1600 1343 1633 quoque
1367 1600 1407 1624 re
1433 1596 1489 1625 est
1512 1590 1715 1632 eleqantia5

461 1642 498 1669 et
519 1638 699 1680 eleyantia
724 1642 840 1677 potius
873 1641 1033 1671 cei-uitur
1063 1641 1099 1670 in
1129 1640 1229 1671 libris
1263 1640 1475 1679 optimorum
1501 1640 1717 1678 scriptorum

459 1692 562 1724 quam
586 1684 795 1725 eleyantiae.
844 1686 1056 1725 Quamquam
1083 1692 1172 1716 nunc
1197 1685 1296 1715 multi
1321 1692 1442 1715 eorum
1467 1684 1525 1724 qui
1551 1684 1584 1714 in
1610 1683 1716 1714 scho-

459 1730 507 1761 lis
543 1734 604 1760 aut
640 1731 828 1762 academiis
869 1730 1016 1769 docent,
1052 1729 1250 1770 eleyantias
1291 1733 1450 1761 veterum
1482 1729 1717 1770 explicantes,

462 1774 758 1816 eleyantiatquae
783 1778 830 1806 sit
854 1784 1000 1815 prorsus
1024 1784 1093 1806 nou
1119 1778 1289 1806 sentiunt.

323 1836 359 1845 —
391 1837 427 1844 -
446 1821 500 1852 19.
526 1820 598 1851 situ
622 1821 656 1851 et
680 1820 807 1861 quiete.
856 1822 963 1852 lmmo
996 1820 1192 1852 cessatione
1223 1820 1257 1851 et
1288 1818 1416 1860 quiete.
1462 1818 1549 1850 Nam
1574 1818 1648 1848 situ
1670 1825 1717 1849 ne
1763 1837 1773 1843 κ

462 1868 537 1906 agri
561 1866 699 1905 quidem
726 1873 947 1901 recreantur.
970 1869 1032 1897 sed
1060 1867 1174 1904 potius
1201 1864 1323 1897 Cessat
1346 1865 1445 1894 iners
1467 1863 1590 1904 riqido
1613 1863 1718 1894 terra

462 1910 596 1942 relicta
618 1911 712 1950 situ3
753 1916 879 1943 contra
910 1911 1036 1942 humus
1058 1919 1187 1952 maqno
1208 1909 1334 1951 fenore
1357 1909 1568 1940 cessationis
1591 1908 1718 1939 colono

462 1956 666 1996 respondet.
721 1957 775 1988 De
806 1957 1025 1997 anteaquam
1068 1965 1148 1987 mox
1187 1958 1366 1996 sequenti,
1401 1963 1464 1994 pro
1495 1962 1564 1995 quo
1597 1956 1717 1994 utique

466 2006 622 2039 praestat
645 2003 840 2043 antequam
864 2004 996 2041 dicere,
1031 2003 1100 2032 vid.
1124 2003 1235 2033 Hand.
1261 2000 1450 2033 Tursellin.
1475 1999 1502 2030 1.
1535 2008 1613 2041 pag.
1636 1999 1717 2032 402.

326 2063 363 2072 -
392 2062 430 2070 —
446 2047 502 2079 22.
527 2055 617 2087 opus
639 2046 763 2078 habuit
785 2049 868 2079 otio.
916 2048 969 2080 Cf.
993 2048 1034 2079 ad
1060 2055 1139 2088 pag.
1166 2047 1241 2087 110,
1265 2048 1298 2077 9.

308 2093 431 2126 202—
448 2096 536 2124 extr.
563 2092 688 2124 obiter.
736 2094 786 2124 De
813 2095 876 2125 hac
901 2102 1006 2131 voce,
1031 2102 1097 2133 qua
1122 2095 1176 2133 qui
1203 2101 1293 2124 nunc
1315 2092 1444 2123 Latine
1467 2091 1628 2123 scribunt
1651 2091 1719 2122 mi-

468 2138 564 2170 rifice
588 2139 823 2179 delectantur,
848 2139 914 2169 vid.
940 2139 1066 2169 lii-ebs.
1091 2138 1210 2170 Antib.
1237 2147 1316 2177 pag.
1343 2138 1420 2169 543.

308 2183 433 2216 203.-
450 2184 504 2216 18.
526 2181 704 2224 familiae.
750 2185 874 2216 Potius
897 2192 1056 2215 suorum.
1104 2184 1155 2215 De
1177 2182 1326 2223 familia
1348 2190 1455 2221 supra
1479 2181 1646 2213 diximus.

330 2247 360 2253 —
397 2229 507 2261 —20.
532 2229 753 2261 revaluerat.
801 2232 914 2262 Etiam
948 2231 1013 2261 lioc
1044 2230 1188 2260 verbum
1215 2229 1429 2260 Ovidianum
1462 2232 1517 2259 est
1548 2231 1585 2259 et
1608 2236 1630 2259 a
1654 2235 1717 2259 se-

468 2276 622 2307 rioribus
644 2279 774 2306 tautum
800 2276 1067 2314 frequentatum.
1101 2275 1289 2306 Dicendum
1305 2278 1381 2305 erat
1403 2273 1588 2304 convaluit
1602 2270 1719 2314 [con-⁸

465 2321 648 2363 valuerat,
673 2324 708 2352 ut
732 2329 838 2359 supra
861 2321 947 2351 dixit
971 2321 1084 2360 VVytt.
1111 2328 1186 2360 pag.
1201 2319 1282 2358 157,
1303 2319 1380 2356 2o.]
1430 2318 1719 2349 LlNDEMANN.

312 2365 432 2399 206.-
449 2368 477 2397 6.
505 2365 800 2407 chalcoyrayiliia.
856 2366 963 2398 Certe
992 2364 1238 2405 typoyraphia
1274 2364 1456 2396 dicendum
1487 2366 1552 2395 est.
1600 2364 1641 2394 cf.
1675 2363 1718 2395 ad

468 2411 550 2449 192,
581 2411 637 2442 20.
684 2411 881 2449 „Ceterum
916 2420 978 2450 pro
1008 2409 1317 2452 chalcoqraphia,
1346 2411 1459 2449 inquit
1491 2410 1720 2450 Bergmanus,

469 2459 602 2488 rectius
632 2458 807 2488 scribatur
845 2456 1150 2499 clialcoyrapheo,
1189 2465 1207 2487 a
1241 2457 1400 2487 neutrius
1441 2462 1582 2496 generis
1618 2459 1719 2486 recto

468 2510 552 2534 casu
590 2501 935 2545 chalcoyrapheum,
972 2502 1113 2534 Graece
1148 2502 1426 2545 χαλκογραφεῖον.
1474 2500 1641 2540 siquidem
1677 2508 1720 2531 ea

469 2551 525 2579 est
549 2549 651 2578 huius
676 2549 837 2579 vocabuli
862 2552 950 2580 ratio
981 2556 1022 2578 ac
1052 2548 1176 2578 similis
1207 2547 1478 2589 τυπυγραφεῖον,
1511 2546 1635 2577 Latine
1659 2545 1719 2584 ty-

467 2592 735 2636 poyrapheum,
761 2601 830 2624 non
856 2596 938 2625 item
963 2591 1227 2634 typam-aphia,
1252 2591 1295 2622 de
1320 2599 1388 2631 quo
1413 2592 1548 2622 monuit
1574 2591 1615 2622 H.
1640 2592 1720 2623 Ste-

470 2642 605 2677 phanus
630 2640 671 2669 de
697 2640 818 2670 Abusu
845 2640 946 2678 Ling.
973 2640 1099 2670 Graec.
1126 2646 1204 2678 pag.
1230 2634 1311 2668 55.“

311 2683 434 2717 mz-
450 2684 501 2715 19.
527 2684 602 2714 iam
625 2683 670 2715 ab
694 2682 934 2715 incunabulis.
982 2685 1058 2715 Liv.
1085 2684 1148 2720 lv,
1180 2681 1235 2713 36.
1270 2680 1468 2721 impigrum
1496 2680 1656 2713 iuvenem
1684 2680 1720 2713 et

471 2728 546 2760 iam
579 2729 661 2761 inde
696 2729 740 2760 ab
777 2729 1007 2761 incunabulis
1040 2727 1213 2760 imbutum
1247 2726 1330 2758 odio
1365 2725 1603 2759 tribunorum.
1662 2727 1718 2760 De

468 2776 606 2816 poetico
631 2783 712 2808 voc.
736 2775 844 2808 natus
871 2776 938 2808 vid.
962 2775 1042 2809 adn.
1066 2775 1185 2807 statim
1209 2776 1428 2813 sequentem.
