1816 3233
802 176 1000 242 —7172
1057 222 1111 229 -

246 272 294 304 Pa
317 273 384 304 .ed.
420 275 497 305 rinc.

247 282 416 349 19.gvs.'7.n
429 319 468 349 in
492 318 653 349 animum
676 323 782 347 suum
804 314 991 346 inducere.
1027 315 1228 345 Pronomen
1254 314 1377 345 melius
1402 315 1518 353 abest3
1546 321 1670 354 quam-

382 371 481 403 quam
507 364 561 392 sie
585 360 675 391 dixit
700 360 893 391 Terentius
918 361 1043 390 Heaut.
1066 359 1108 398 V,
1124 359 1165 398 4,
1180 360 1213 390 5.
1239 368 1284 390 ne
1315 360 1410 390 istnc
1444 361 1482 390 z'n
1506 361 1668 392 animum

381 407 537 438 inducas
562 407 675 437 tuum.
715 404 883 437 Ceterum
909 407 939 435 si
958 413 1081 436 verum
1101 408 1176 443 est,
1200 405 1292 444 quod
1316 407 1508 435 asseverat
1529 406 1668 436 Madvi-

380 453 463 489 gius
486 453 522 482 in
547 450 774 482 additament.
800 450 841 481 ad
859 449 922 480 Gr.
941 450 1017 480 Lat.
1048 457 1126 489 pag.
1145 448 1199 480 11.
1223 446 1286 489 **)‚
1315 449 1407 479 Livii
1431 457 1512 480 esse
1537 450 1667 482 induco

380 498 419 526 z'n
443 497 604 527 animum
640 494 702 534 (ef.
737 495 1006 526 Drakenborch.
1031 494 1074 525 ad
1100 495 1136 533 1,
1161 493 1216 530 17,
1240 494 1311 532 4.),
1342 495 1504 525 animum
1535 495 1686 538 induco-

380 539 586 580 Ciceronis,
617 542 773 572 sortasse
796 542 831 571 in
856 539 970 570 eiusd.
996 543 1087 571 orat.
1113 547 1176 579 pro
1201 539 1239 569 P.
1266 540 1362 570 sulla
1387 539 1419 577 S.
1439 539 1495 569 83.
1520 539 1667 571 delenda

381 593 463 617 esse
488 587 652 617 videatur
676 586 905 626 praepositio.

245 648 289 654 —
305 645 348 652 —
368 629 422 661 18.
448 631 564 662 nobile
595 639 640 661 ac
676 632 797 662 dieite.
854 629 1049 661 Dicendum
1073 627 1192 659 nobili.
1250 629 1301 660 Cf.
1328 630 1498 662 Priscian.
1524 630 1609 671 vll,
1633 629 1665 659 9.

379 676 481 707 Tom.
504 676 529 706 1.
561 685 592 715 p.
607 674 685 706 330.
735 675 861 706 Nobile
893 677 990 706 esset
1022 681 1148 704 nomen
1181 676 1378 713 proprium,
1413 678 1449 705 ut
1475 674 1667 716 Iuvenale,

380 720 574 753 Martiale.
631 721 744 752 Tacit.
778 721 866 750 Hist.
892 720 952 758 IV,
977 719 1031 749 35.
1065 719 1121 748 nbi
1157 718 1278 750 Civile.
1328 719 1383 750 Cf.
1417 719 1525 752 Conr.
1558 723 1667 758 Leop-

381 766 584 798 Schneideri
616 766 797 797 Formenl.
824 765 888 795 der
918 765 993 794 Lat.
1019 765 1176 803 Sprache
1202 764 1227 794 1.
1254 774 1284 803 p.
1304 764 1382 796 224.
1439 767 1499 797 Sic
1530 768 1666 799 intelli-

381 811 533 851 gendum
559 814 614 842 est
641 811 792 841 Charisii
819 813 1043 849 praeceptum
1070 818 1101 848 p.
1122 808 1196 840 111.
1234 808 1363 840 Nobile
1388 809 1488 851 (abl.)
1511 813 1543 842 εἰ
1566 812 1668 844 homo

380 858 559 898 vocatur,
585 855 697 887 nobili
720 852 752 886 .ςῖ
774 864 833 886 res
857 855 983 896 aliqua
1007 854 1252 894 praedicetur.
1293 856 1341 886 At
1357 864 1448 887 vero
1474 856 1665 890 dissentire

380 901 525 932 videtur
549 901 638 932 idem
670 900 807 932 charis.
841 901 918 931 ead.
949 908 1027 939 pag.
1055 899 1169 938 paullo
1203 902 1298 939 post,
1331 901 1388 931 ubi
1421 903 1503 933 siet—
1529 896 1667 934 Nobile.

382 945 509 977 Cicero
551 946 593 977 de
624 947 704 977 inre
734 946 854 977 civili.-
894 946 1016 984 Aliquo
1047 944 1247 975 excellente
1279 948 1314 976 et
1343 946 1462 978 nobile
1493 949 1592 987 vir03
1629 948 1667 980 id

379 992 490 1023 etiam
515 990 636 1022 Plinio
661 991 856 1022 asserente.
905 989 1190 1020 LINDEMANN.

243 1050 290 1058 —-
311 1051 347 1058 —
363 1035 420 1067 20.
446 1035 676 1067 diverticula.
727 1035 779 1066 Cf.
807 1035 849 1065 ad
873 1043 951 1075 pag.
972 1034 1023 1072 12,
1053 1035 1103 1064 12.

243 1090 395 1123 20.-8.
419 1092 559 1167 unice.d
585 1092 708 1132 Longe
733 1093 893 1131 praestat
914 1098 953 1121 eo
978 1089 1225 1121 tantammodo
1249 1087 1399 1123 consilio
1424 1091 1482 1123 vel
1505 1092 1572 1124 hac
1593 1102 1668 1126 una

382 1136 509 1176 (sola)
561 1146 578 1167 e
603 1144 730 1168 causa.

242 1191 401 1224 21.-—7.
433 1192 685 1224 admirabilem
724 1192 792 1223 sibi
830 1193 950 1223 virum
989 1191 1234 1232 informasset.
1297 1192 1438 1224 Mallem
1474 1194 1664 1234 wyttenb.

379 1238 530 1269 dixisset
565 1238 698 1269 admir.
727 1239 796 1268 vir.
828 1238 1042 1268 coniectura
1081 1238 1317 1278 informasset
1353 1239 1412 1269 vel
1447 1240 1667 1279 coffl'tatione

379 1283 625 1325 depinoez'sset,
661 1283 880 1323 coqe'tatione
914 1281 1081 1322 (animo)
1115 1283 1179 1313 sibi
1219 1282 1410 1326 finxisset,
1464 1285 1522 1315 vel
1558 1286 1665 1316 etiam

378 1328 586 1367 simpliciter
607 1326 786 1368 finxisset.
965 1349 987 1373 0

243 1389 287 1397 -
307 1391 346 1398 —
366 1375 399 1405 9.
423 1374 468 1405 ab
491 1382 555 1404 ore
577 1373 765 1413 pendebat.
804 1374 903 1413 virg.
926 1373 1015 1404 Aen.
1032 1372 1092 1411 lv,
1112 1373 1166 1403 79.
1193 1373 1390 1415 pendetque
1416 1375 1548 1406 iterum
1572 1383 1666 1406 nar-

378 1419 500 1451 rantis
525 1418 569 1449 ab
594 1427 667 1449 ore.
699 1418 797 1449 Ovid.
815 1419 954 1450 Heroid.
987 1418 1018 1457 1,
1043 1418 1097 1448 20.
1149 1418 1356 1450 Narranti-s·
1379 1421 1513 1451 conz'uoe
1535 1421 1669 1461 pendet

380 1465 424 1496 ab
449 1472 511 1495 ore
534 1465 618 1494 viri.

247 1526 287 1533 -—
306 1527 350 1533 --
372 1509 426 1542 10.
460 1509 591 1540 scholis
615 1508 801 1540 assiduam
832 1516 980 1548 operam
1010 1507 1185 1538 navabat.
1233 1509 1310 1539 Non
1336 1511 1417 1547 puto
1443 1509 1666 1549 wyttenba-

378 1555 494 1587 chium
519 1555 554 1584 in
587 1554 640 1584 his
674 1555 763 1584 satis
788 1558 1032 1594 congruenter
1064 1554 1312 1584 consuetudini
1337 1554 1541 1586 Latinorum
1575 1563 1664 1586 con-

379 1601 638 1638 venienterque
662 1600 865 1637 scripsisse.
901 1599 1022 1638 Neque
1042 1600 1132 1628 enim
1158 1602 1227 1629 tam
1249 1600 1355 1630 rebus
1373 1599 1425 1638 (ut
1441 1600 1504 1630 h.l.
1515 1600 1666 1638 scholis)

378 1645 516 1676 navari
547 1653 659 1684 opera
685 1645 751 1675 dici
789 1652 889 1684 quam
923 1644 1120 1674 hominibus
1153 1645 1311 1683 videtur,
1344 1648 1380 1675 et
1410 1645 1497 1676 liaeo
1522 1646 1667 1676 dicendi

378 1691 494 1721 forma
518 1689 707 1720 adiuvandi
735 1692 851 1728 potius
878 1687 1022 1728 opisque
1045 1689 1213 1724 ferendae
1238 1695 1274 1720 et
1299 1690 1477 1729 parandae
1504 1691 1666 1723 utilitatis

378 1734 675 1773 significationem
701 1735 805 1770 babet
830 1743 932 1774 quam
958 1733 1121 1764 studiose
1146 1735 1310 1765 audiendi
1335 1739 1368 1767 et
1394 1735 1665 1775 frequenta-idn

378 1781 421 1811 cf.
448 1782 523 1818 ipse
546 1780 842 1818 wyttenb.ins1·a
861 1784 937 1817 pag.
957 1780 1006 1810 ed.
1030 1788 1080 1818 pr.
1098 1779 1156 1815 64,
1184 1778 1237 1810 15.
1286 1781 1522 1818 Quamobrem
1548 1783 1665 1812 satius

379 1828 456 1856 erat
498 1826 707 1863 scripsisse:
755 1825 884 1855 scholis
919 1832 1068 1864 operam
1105 1824 1220 1855 dabat
1261 1825 1318 1856 vel
1355 1826 1486 1856 scholis
1523 1827 1667 1858 assidue

377 1868 623 1910 operabatur;
648 1874 682 1900 et
706 1871 908 1908 posteriore
937 1868 1077 1908 quidem
1105 1870 1215 1899 verbo
1242 1877 1286 1900 eo
1312 1872 1428 1910 magis
1455 1872 1501 1901 uti
1527 1871 1665 1911 licebat,

377 1922 448 1954 qno
466 1914 500 1944 id
517 1917 596 1945 erat
620 1914 830 1954 elegantius,
856 1922 964 1953 prope
985 1914 1132 1944 dixerim
1158 1916 1327 1954 sanctius,
1352 1921 1388 1946 et
1405 1916 1514 1947 multo
1531 1918 1665 1948 maiore

379 1961 518 1999 dignius
545 1960 699 1999 bonore,
725 1968 825 1999 quam
852 1960 1016 1989 concedit
1039 1958 1166 1989 Krebs.
1195 1958 1314 1990 Antib.
1340 1968 1418 2001 pag.
1436 1960 1515 1992 557.

242 2020 287 2026 -
307 2020 350 2026 -
372 2004 425 2035 17.
452 2003 688 2035 exhilaravit.
737 2003 791 2035 Cf.
820 2005 910 2034 infra
935 2003 977 2034 ad
1003 2012 1080 2043 pag.
1094 2004 1157 2042 56,
1185 2004 1236 2034 14.

247 2066 283 2072 —
306 2065 348 2072 -—
368 2049 421 2081 22.
448 2049 569 2090 quoad
592 2050 667 2080 eius
688 2048 770 2089 fieri
793 2050 921 2088 potest.
970 2048 1024 2079 Cf.
1049 2049 1091 2079 ad
1117 2057 1194 2089 pag.
1216 2049 1290 2089 149,
1316 2049 1349 2078 3.

240 2105 403 2137 22.-6.
452 2105 620 2136 dominio.
668 2105 779 2135 Immo
803 2105 1056 2135 dominatione.

241 2169 285 2174 -—
303 2166 348 2173 —
366 2150 398 2181 S.
447 2159 587 2182 aenum.
638 2149 688 2181 Cf.
715 2151 756 2181 ad
784 2149 934 2190 pag-14,
964 2149 1019 2179 22.

241 2211 287 2218 —-
309 2212 346 2219 -
370 2195 424 2226 11.
449 2196 494 2227 ab
519 2204 557 2226 eo
582 2196 663 2226 inde
688 2197 858 2235 tempore.
907 2194 1014 2224 lnnno
1046 2195 1128 2225 inde
1152 2195 1196 2225 ab
1220 2203 1259 2226 eo
1285 2196 1443 2235 tempore
1467 2196 1524 2226 vel
1551 2197 1664 2235 potius

377 2242 448 2272 iant
473 2240 556 2271 inde
580 2241 624 2272 ab
649 2249 688 2271 eo
713 2242 817 2281 temp.
851 2239 905 2271 Cf.
927 2239 969 2270 ad
995 2248 1072 2280 pag.
1091 2239 1168 2279 215,
1194 2240 1223 2270 9.
1251 2244 1286 2270 et
1308 2239 1454 2272 Krebsii
1478 2242 1663 2272 Antibarb.

378 2294 456 2326 pag.
475 2285 553 2316 416.
580 2295 632 2326 sq.

241 2340 396 2372 23.-—2.
443 2343 568 2381 pec-lus
599 2341 863 2381 limpidissimis
897 2357 937 2362 -—
969 2341 1128 2382 sontibus
1163 2341 1393 2381 irrigaverit.
1442 2342 1586 2373 Poetica
1609 2342 1664 2373 lo-

380 2388 521 2425 quutio‚
545 2388 582 2418 in
607 2395 674 2425 qua
697 2392 796 2417 certe
821 2387 983 2417 animum
1010 2395 1072 2424 pro
1096 2387 1241 2426 pec-tore
1265 2386 1384 2417 dicere
1410 2388 1464 2417 fas
1481 2391 1571 2418 erat.
1611 2387 1664 2419 Cf.

379 2431 474 2463 infra
499 2440 576 2472 pag.
592 2434 649 2472 55,
675 2431 726 2462 16.
753 2432 810 2462 ubi
835 2432 923 2462 bene
947 2431 1085 2462 additur
1109 2432 1224 2473 quasi.

244 2487 419 2518 ——19.
443 2496 641 2528 corporeae
672 2489 859 2518 materiae.
894 2489 916 2517 i.
950 2495 981 2518 e.
1015 2489 1187 2519 materiae
1216 2487 1369 2525 solidae,
1408 2495 1496 2527 quae
1527 2491 1562 2519 et
1587 2489 1664 2527 ipsa

379 2540 534 2571 corpore
559 2536 699 2564 constat
723 2536 758 2563 et
789 2535 951 2571 corporis
983 2534 1167 2569 sensibus,
1199 2533 1357 2570 inprimis
1391 2534 1468 2562 visu
1495 2536 1529 2564 et
1555 2537 1664 2575 tactu,

380 2580 582 2617 percipitur.
615 2578 693 2615 Quo
710 2585 819 2608 sensu
835 2586 1047 2618 corporeum
1062 2578 1226 2607 dixerunt
1240 2578 1427 2608 Lucretius
1445 2577 1506 2616 ΙΙΙ,
1522 2578 1594 2609 176.
1609 2588 1660 2619 sq.

381 2626 417 2653 et
448 2621 577 2654 Cicero
609 2623 652 2653 de
681 2624 783 2653 Univ.
817 2631 846 2654 e.
867 2623 898 2652 4.
934 2626 970 2654 et
1000 2623 1033 2652 Β.
1083 2621 1316 2653 BERGMAN.
1366 2623 1454 2653 Vide
1480 2631 1567 2663 quae
1600 2625 1662 2655 ad-

382 2670 586 2699 notavimus
611 2669 651 2698 ad
677 2669 807 2700 Muret.
831 2668 909 2698 Vol.
928 2668 950 2698 Ι.
980 2667 1151 2712 vag-„¹26-
1180 2667 1255 2697 143.

244 2729 348 2737 ——
367 2712 423 2743 23.
449 2721 521 2753 qua
553 2714 699 2753 quippe.
756 2715 853 2744 Sicut
879 2714 909 2742 h.
939 2713 959 2743 l.
988 2717 1061 2751 est,
1093 2720 1163 2743 non
1195 2712 1286 2742 solet
1320 2714 1485 2749 postponi
1518 2715 1660 2754 quippe.

377 2756 481 2788 Aliud
507 2761 561 2788 est
586 2762 701 2790 antem
728 2758 818 2797 quod
852 2758 941 2797 apud
966 2757 1038 2789 Cic.
1056 2766 1119 2797 pro
1145 2757 1215 2787 Mil.
1235 2757 1366 2787 dicitur
1400 2766 1474 2797 cap.
1497 2759 1550 2789 12.
1569 2763 1661 2792 extr.

379 2803 497 2836 movet
517 2810 571 2835 me
594 2803 724 2845 quippe
748 2803 867 2835 lumen
893 2805 1030 2836 curiae.
1080 2802 1248 2834 Ceterum
1274 2802 1344 2833 vid.
1370 2802 1411 2834 ad
1443 2804 1496 2842 12,
1521 2803 1552 2835 2.
