1833 3237
661 204 966 245 -105—

112 322 152 356 et
179 319 322 364 levius,
352 319 393 353 et
422 315 612 353 subtriste
640 317 853 353 Burmanni
882 316 1004 363 obitu,
1048 315 1250 360 superiore
1280 325 1380 352 anno
1410 324 1518 352 mor-

113 375 188 421 tui,-
213 374 313 420 quod
344 383 394 409 ex
422 372 729 418 locupletissima
766 372 852 409 eius
891 372 1150 419 bibliotheca,
1191 381 1260 417 per
1299 371 1518 407 auctionem

113 430 326 475 divendita,
365 429 506 465 multos
544 428 791 474 optimosque
826 429 948 464 libros
979 428 1344 475 Lugdunobatavae
1372 420 1619 463 biblio-1¹76

114 487 252 523 thecae
283 488 561 529 comparasset.

221 544 396 587 Hymnos
415 540 644 577 Homericos
664 539 784 576 edidit
800 540 872 575 sub
887 539 1039 575 initium
1054 539 1218 585 proximi
1236 538 1325 574 anni
1337 537 1521 587 (1780),

111 598 168 634 ita
196 600 354 635 ornatos
385 597 603 642 politosque
633 596 771 631 critica
801 596 997 642 doctrina,
1028 598 1069 630 ut
1100 599 1176 630 tam
1209 595 1317 631 brevi
1347 597 1521 640 tempore

112 663 224 690 nemo
253 655 403 699 posset,
432 653 508 688 nisi
539 652 605 697 qui
634 661 763 688 rerum
792 652 973 696 scientia,
1004 655 1042 686 et
1062 651 1215 686 infinita
1235 650 1523 696 propemodum,

112 713 151 745 et
180 709 249 745 illa
280 710 429 755 promta
458 717 506 743 ac
535 711 682 755 parata,
721 708 886 745 valeret.
945 707 1042 743 Mox
1073 708 1244 754 cognito,
1275 716 1415 742 versus
1446 706 1521 742 de·-

63 759 68 763 ’
110 765 240 801 fuisse
270 764 488 809 complures
518 764 558 799 in
590 764 767 810 exemplo
798 764 944 808 scripto
975 763 1023 798 ad
1054 773 1098 798 se
1129 763 1262 810 misso,
1284 772 1331 797 ac
1361 761 1524 807 proinde

111 820 214 857 item
245 821 386 856 deesse
426 820 466 855 in
505 820 580 855 hac
617 820 810 866 editione3
851 830 935 855 eam
976 819 1161 865 abolevit,
1199 821 1237 854 et
1267 818 1383 853 aliam
1414 817 1524 853 inte-

111 886 300 923 gramque
339 875 730 921 Epistolis’Criticis
771 886 858 911 mox
899 876 1025 911 denuo
1064 874 1226 910 edendis
1264 874 1522 909 adiiciendam

112 931 340 969 destinavit.
1358 946 1377 952 -

223 987 321 1023 cibo
349 989 540 1033 potuque,
579 988 614 1023 si
645 985 732 1032 quis
763 984 886 1031 alius,
918 985 1115 1036 modicus,
1163 983 1393 1020 cruditatem
1423 993 1522 1019 con-

111 1041 242 1087 traxit,
281 1043 475 1079 incertum
516 1054 592 1089 qua
631 1051 791 1078 caussa:
833 1041 934 1076 unde
972 1041 1167 1077 coeliacus
1206 1039 1363 1076 morbus
1394 1039 1522 1074 vehe-

111 1107 221 1145 mens
251 1101 290 1133 et
320 1110 467 1135 summo
499 1110 585 1134 cum
617 1098 722 1134 vitae
752 1097 940 1143 periculo.
998 1096 1167 1132 sanitati
1197 1095 1404 1131 restitutus
1429 1104 1523 1130 cura

111 1153 331 1189 Doevereni
380 1155 559 1202 collegae
599 1158 638 1190 et
676 1152 900 1195 Archiam,
954 1162 1027 1197 quo
1074 1154 1113 1187 et
1153 1151 1303 1186 medico
1339 1151 1523 1186 utebatur

110 1211 268 1254 propter
306 1210 402 1245 artis
443 1210 647 1257 peritiam,
688 1212 726 1245 et
765 1208 889 1244 amico
919 1211 1076 1253 propter
1106 1206 1225 1242 animi
1255 1207 1522 1242 sinceritatem

111 1273 199 1300 cum
230 1264 314 1309 pari
345 1266 590 1301 coniunctam
622 1264 848 1310 prudentia:
879 1264 945 1299 sed
978 1263 1136 1298 sanitati
1167 1263 1386 1306 restitutus,
1418 1261 1524 1296 vitae

110 1329 243 1355 secum
275 1321 532 1369 fragilitatem
563 1323 762 1366 reputans,
793 1319 959 1355 necdum
982 1329 1026 1354 se
1055 1320 1327 1354 testamentum
1359 1317 1524 1365 fecisse,

111 1377 151 1411 et
179 1375 276 1411 illud
307 1378 468 1413 Catonis
498 1378 538 1413 in
568 1377 695 1413 tribus
727 1375 801 1412 sibi
832 1374 1079 1421 poenitendis
1110 1373 1228 1409 factis
1249 1372 1405 1409 tertium
1425 1383 1524 1408 cen-

109 1431 234 1467 sentis
277 1432 377 1478 quod
421 1443 536 1469 unum
577 1434 678 1469 diem
715 1432 927 1468 intestatus
968 1429 1242 1477 mansisset,*)
1282 1439 1342 1465 me
1372 1431 1453 1464 tum
1483 1428 1523 1464 in

110 1487 291 1524 Helvetia
326 1489 526 1526 absentem
565 1493 604 1525 et
643 1489 729 1535 ipse
769 1491 807 1523 et
849 1497 917 1534 per
954 1487 1052 1523 alios
1093 1487 1230 1523 crebro
1271 1486 1439 1528 monuit,
1480 1487 1523 1520 ut

109 1543 231 1588 primo
273 1554 426 1590 quoque
465 1549 638 1592 tempore
675 1544 843 1580 redirem
874 1544 922 1579 de
951 1543 1200 1591 gravissimis
1230 1552 1363 1578 secum
1394 1550 1524 1588 nego-

107 1598 175 1634 tiis
205 1599 471 1637 deliberatum.
529 1601 667 1638 Redux
698 1610 784 1636 meo
814 1603 1000 1648 tempore,
1032 1599 1214 1634 continuo
1254 1608 1340 1634 eum
1372 1606 1524 1632 conve-

109 1654 163 1701 ni,
192 1662 382 1701 quaerens
413 1657 552 1703 ecquid
582 1657 679 1693 illud
709 1658 816 1691 esset
845 1658 922 1691 tam
953 1664 1138 1702 magnum
1168 1653 1269 1700 quod
1300 1662 1361 1688 me
1391 1652 1525 1688 vellet.

108 1710 207 1747 'rum
246 1712 313 1747 ille
353 1709 721 1764 „Testamentum“
756 1711 883 1757 inquit
921 1711 1091 1760 „facere
1128 1709 1280 1757 cogito,
1321 1712 1436 1754 teque
1477 1704 1619 1744 ac1'7'7

109 1767 430 1813 „Schultensium
471 1772 620 1805 tutores
657 1768 864 1804 instituere
901 1767 1055 1802 filiabus
1093 1766 1215 1811 meis,
1253 1766 1287 1800 si
1318 1765 1432 1808 forte,
1463 1774 1524 1799 me

110 1826 302 1870 „mortu0,
333 1825 498 1860 nondum
528 1825 569 1860 in
601 1825 760 1860 tutelam
792 1832 901 1857 suam
932 1819 1176 1857 venissent.“
1247 1819 1426 1869 „Atqui“
1456 1819 1525 1858 in-

110 1886 234 1924 quam=
268 1879 507 1927 „iucundum
538 1874 675 1916 nari-as
715 1882 754 1915 et
784 1877 1037 1914 honorificum
1069 1876 1181 1913 nobis
1212 1875 1426 1924 negotium,
1457 1875 1524 1921 qui

109 1936 286 1985 „tantum
318 1939 475 1972 nostrae
505 1936 595 1972 fidei
625 1936 792 1972 tribuas:
825 1937 863 1970 et
891 1937 1049 1979 poteras
1080 1943 1176 1968 sane
1200 1934 1335 1968 facere
1364 1932 1428 1967 vel
1449 1932 1524 1966 ab-

109 1993 253 2038 „sente
292 2002 355 2027 me
394 2002 466 2027 nec
503 1992 719 2036 admonito,
766 1999 880 2034 quem
920 1989 1045 2033 pietas
1095 1988 1225 2024 omnia
1274 1987 1330 2023 tui
1379 1997 1524 2023 caussa

109 2047 273 2091 „facere
307 2045 455 2085 iubet.“
523 2047 732 2083 Caeterum
772 2045 881 2080 locus
918 2043 1068 2079 tutelae
1104 2053 1180 2079 non
1218 2042 1315 2089 fuit3
1355 2044 1438 2079 Deo
1478 2043 1523 2080 Ο.

108 2100 166 2137 Μ.
196 2100 288 2151 eum>
315 2113 384 2149 per
414 2101 688 2149 duodeviginti
726 2111 849 2136 annos
888 2109 1001 2146 porro
1033 2099 1146 2136 nobis
1177 2098 1401 2145 Literisque
1430 2109 1522 2135 ser-

109 2158 239 2194 vante.
280 2198 284 2201 ,

221 2214 349 2259 Saepe
377 2216 542 2261 rogatus
561 2222 587 2248 a
609 2212 873 2259 compluribus
903 2212 1085 2247 Vitarum
1115 2209 1374 2255 scriptoribus
1403 2209 1524 2246 edito-

110 2265 299 2312 ribusve,
339 2271 383 2304 ut
420 2278 548 2305 rerum
597 2279 754 2305 suarum
801 2267 1100 2302 commentarios
1150 2265 1248 2312 ipsis
1295 2265 1524 2312 impertiret,

111 2322 215 2358 unde
243 2323 319 2370 ipsi
352 2321 483 2361 Vitam
523 2325 610 2361 eius
641 2323 946 2367 conscriberent,
986 2331 1033 2357 ac
1063 2320 1161 2356 tanti
1193 2321 1359 2357 nominis
1389 2322 1523 2367 specie

112 2382 151 2414 et
182 2379 518 2424 commendatione
556 2381 702 2416 libellis
739 2378 824 2415 suis
859 2379 1124 2414 ornamentum
1156 2377 1422 2424 conciliarent,
1452 2387 1522 2413 re-

111 2435 284 2481 cusavit,
320 2435 479 2482 dicens,
519 2436 617 2471 satis
655 2435 731 2471 sibi
771 2445 862 2471 esse
899 2443 921 2469 e
961 2433 1119 2480 scriptis
1158 2433 1243 2469 suis
1283 2432 1411 2478 ipsum
1449 2443 1522 2469 co-

108 2491 262 2537 gnosci.
319 2491 414 2528 Tum
446 2491 547 2527 idem
588 2493 753 2539 rogatus
784 2491 831 2526 ab
862 2489 1039 2526 Hakenio
1077 2488 1214 2525 vetere
1252 2488 1452 2526 cive'suo
1482 2492 1521 2525 et

110 2642 142 2679 ⁸)
165 2643 344 2675 Plutarch.
369 2647 442 2676 vita
467 2645 542 2677 Cat.
572 2646 736 2684 [maiora]
762 2647 794 2676 9.
842 2640 1145 2683 Νἱεταμεληθῆναι
1169 2640 1200 2672 δ’
1224 2640 1330 2678 αὐτὸς
1351 2641 1390 2674 ἐν
1413 2643 1520 2674 παντὶ

154 2687 205 2726 τῷ
225 2687 286 2728 βίῳ
309 2691 399 2732 ἀρεῖς
422 2690 664 2729 μεταμελείας·
695 2690 779 2729 μίαν
801 2689 872 2727 μὲν,
903 2686 1030 2728 ἐπὶ.τῲ
1054 2686 1189 2725 γυναικὶ
1210 2687 1397 2719 πιστεῦσαι
1418 2686 1520 2727 λόγον

152 2729 362 2774 ἇπόρῥητον,
400 2734 520 2779 ἑτέραν
552 2735 598 2774 δὲ,
627 2734 777 2771 πλεύσας
808 2730 899 2765 ὅπου
928 2729 1077 2763 ’δυνατὸν
1114 2723 1156 2772 ἦν
1187 2729 1360 2772 πεζεῦσαι,
1394 2743 1457 2773 την
1487 2731 1522 2762 δι’

155 2774 286 2819 τρίτην,
310 2773 364 2808 ὅτι
389 2778 472 2816 μίαν
495 2778 625 2823 ἡμέραν
641 2777 828 2814 ἀδιάθετος
852 2778 992 2817 ἔμεινεν.
1041 2775 1329 2808 LINDEMANN.
