1816 3233
846 193 1151 234 —140-

295 314 373 347 tum
404 309 598 346 illecebris
638 308 836 344 excitandi
874 307 1145 353 retinendique
1177 307 1317 343 studii:
1361 308 1427 343 sed
1461 310 1521 344 est
1556 307 1703 351 eadem,

295 368 370 402 nisi
401 366 550 402 ratione
580 368 616 399 et
647 364 792 402 iudicio
821 368 994 412 regatur,
1025 374 1143 409 prona
1175 363 1220 398 ad
1252 363 1506 399 temeritatem
1536 375 1584 403 ac
1612 363 1706 399 libi-

295 423 434 458 dinem.
489 421 619 468 Igitur
653 421 806 456 nolebat
835 421 1106 457 adolescentes
1140 420 1267 454 adhuc
1301 418 1417 453 rudes
1445 419 1608 455 aliarum
1640 430 1707 455 re-

295 489 390 524 rum,
424 487 496 512 nec
524 477 613 512 dum
646 488 668 511 a
698 477 845 513 iudicio
877 480 1046 525 paratos,
1078 478 1116 511 et
1147 476 1314 511 lectione
1345 484 1495 519 usuque
1525 476 1706 521 Scripto-

295 534 349 568 ris
396 533 589 568 tractandi
630 533 748 578 probe
787 536 999 576 versatos,
1034 531 1342 568 emendationem
1382 531 1574 567 factitare.
1635 531 1705 567 His

292 590 444 624 demum
478 589 685 634 praesidiis
715 589 1062 634 instrumentisque
1093 589 1203 634 quasi
1239 590 1423 631 armatos,
1463 586 1621 622 iubebat
1650 587 1705 622 li-

199 642 279 680 235
294 647 400 681 brum
419 645 561 680 lectum
591 645 787 692 relegere,
817 646 923 681 locos
945 648 1146 690 corruptos
1177 643 1499 689 animadvertere,
1528 642 1707 678 animad-

293 711 429 736 versos
447 701 524 747 ipsi
546 705 780 737 monstrare:
813 703 1045 737 monstratos
1075 700 1161 746 ipse
1190 699 1380 735 tractabat
1410 709 1496 734 cum
1515 698 1704 738 discente.

292 757 439 792 docens
478 767 564 793 eum
607 757 805 805 iudicare,
849 757 915 803 qui
956 756 1065 803 sani,
1106 755 1171 802 qui
1206 754 1397 802 corrupti,
1447 757 1580 790 essent
1619 753 1706 789 loci.

292 814 422 861 Quos,
462 813 592 849 habito
626 813 796 866 iudicio,
834 816 1037 858 corruptos
1077 823 1166 847 esse
1204 814 1421 859 constaret,
1451 811 1549 857 ipse,
1580 810 1706 846 inscio

290 869 483 915 discente,
511 869 656 905 tacitus
686 870 931 920 emendabat,
962 869 1075 914 eique
1101 867 1362 904 emendandos
1391 867 1588 903 tradebat:
1619 876 1704 902 mo-

293 936 389 960 nens
428 928 472 960 ut
502 928 622 961 totum
655 926 779 962 locum
810 926 970 971 saepius
1004 926 1175 972 legeret,
1217 923 1489 960 antecedentia
1519 933 1603 958 cum
1635 932 1704 958 se-

291 981 499 1027 quentibus
530 984 713 1017 accurate
752 984 1016 1032 compararet,
1051 982 1137 1026 ipse
1167 990 1210 1015 se
1240 980 1395 1026 penitus
1426 980 1464 1015 in
1496 979 1706 1023 Scriptoris

291 1040 456 1072 mentem
487 1038 718 1080 insinuaret,
750 1041 801 1085 ct,
833 1048 944 1083 quam
981 1047 1025 1072 ea
1057 1036 1288 1071 sententiam
1316 1035 1602 1079 dictionemque
1634 1043 1706 1079 po-

292 1093 480 1143 stularet,
523 1097 740 1138 quaereret.
799 1094 962 1129 Discens
995 1093 1070 1128 hac
1099 1092 1234 1127 iudicii
1263 1092 1327 1126 via
1362 1090 1410 1126 ad
1441 1090 1704 1125 inventionem

291 1149 403 1194 quasi
436 1159 549 1184 manu
581 1149 746 1202 ductus,
766 1150 801 1185 si
831 1149 952 1199 aciem
983 1149 1030 1183 ad
1062 1148 1191 1184 locum
1220 1149 1444 1193 corruptum
1474 1146 1706 1192 intenderet,

291 1215 339 1240 ac
367 1205 578 1250 scriptoris
621 1217 695 1241 usu
734 1206 866 1241 tritum
908 1206 1067 1241 haberet
1105 1214 1262 1239 sensum
1302 1202 1470 1239 notanda
1509 1203 1595 1238 eius
1636 1213 1701 1238 ra-

292 1261 396 1296 tione
427 1264 465 1295 et
496 1261 689 1308 oratione,
722 1262 831 1296 modo
862 1261 1052 1307 probabili
1085 1260 1293 1296 memoriae
1323 1258 1514 1295 facilitate
1544 1259 1707 1304 valeret,

291 1318 496 1363 sponte-in
530 1327 658 1353 veram
690 1318 997 1354 emendationem
1028 1316 1236 1353 incidebat.
1285 1316 1425 1362 Aliter,
1457 1318 1497 1351 et
1527 1316 1573 1350 ab
1603 1314 1707 1356 aliis,

293 1373 358 1408 illo
388 1372 648 1411 subsidiorum
679 1377 867 1421 apparatu
899 1384 971 1409 non
997 1372 1214 1419 instructis,
1235 1371 1541 1408 emendationem
1565 1371 1706 1406 tentari

295 1429 459 1464 nolebat.
527 1430 648 1475 Nam,
698 1431 797 1476 quod
839 1431 938 1475 apud
981 1430 1177 1466 Platonem
1221 1428 1387 1476 egregie
1435 1428 1578 1478 dictum
1629 1437 1704 1462 ex·-

293 1488 372 1521 stat
411 1485 459 1521 de
490 1486 796 1522 adolescentulis
826 1496 963 1523 recens
995 1485 1211 1521 Dialectica
1240 1485 1422 1531 imbutis,
1460 1493 1551 1531 eos,
1584 1483 1706 1518 veluti

294 1542 474 1590 catulos,
514 1543 642 1578 omnia
673 1553 834 1589 carpere
872 1546 910 1578 et
950 1538 1194 1588 lacerare,*]
1235 1540 1335 1576 idem
1369 1539 1530 1576 rudibus
1561 1549 1607 1575 ac
1638 1549 1705 1574 re-

294 1598 472 1634 centibus
502 1598 674 1646 ingeniis
717 1599 755 1634 in
787 1599 1027 1634 emendando
1058 1597 1238 1633 accidere
1268 1596 1445 1641 dicebat,
1484 1598 1546 1642 ut,
1585 1594 1707 1631 veluti

293 1655 413 1689 catuli
444 1655 611 1690 nondum
645 1655 929 1703 condocefacti,
959 1655 998 1690 in
1019 1653 1299 1690 emendationis
1319 1652 1430 1698 quasi
1461 1652 1706 1687 venationem

293 1710 470 1758 immissi,
499 1712 628 1746 omnia
657 1711 881 1759 corripiant,
915 1711 1080 1763 vellant,
1111 1710 1289 1757 turbent,
1321 1712 1359 1744 et
1390 1707 1545 1754 quidvis
1577 1708 1705 1754 potius

293 1777 405 1811 quam
446 1768 565 1802 feram
615 1768 785 1812 capiant.
853 1770 988 1812 Itaque
1030 1767 1142 1801 valde
1191 1765 1519 1810 reprehendebat,
1568 1764 1704 1799 adole-

293 1825 464 1873 scentes,
495 1823 600 1858 nulla
630 1826 697 1858 aut
725 1823 943 1870 perexigua
972 1823 1145 1857 doctrina
1177 1821 1400 1868 praeditos,
1430 1820 1514 1855 solo
1545 1819 1706 1869 ingenio

200 1883 280 1919 236
298 1879 439 1923 fretos,
491 1879 539 1913 ad
585 1879 866 1915 emendandum
905 1888 948 1914 se
991 1878 1107 1923 dare,
1154 1880 1366 1923 partasque
1414 1875 1706 1911 emendationes

296 1935 478 1969 continuo
518 1935 721 1981 intlucem
759 1935 896 1970 edere:
936 1935 1125 1979 probans,
1157 1933 1256 1978 quod
1297 1932 1500 1978 ingenium
1539 1941 1706 1966 exerce-

296 1992 402 2039 rent,
446 2000 520 2025 non
553 1992 739 2036 probans,
770 1990 870 2035 quod
903 1990 1128 2025 immaturos
1157 1988 1310 2036 ingenii
1340 1989 1494 2033 foetus,
1526 1990 1564 2023 et
1594 1987 1705 2033 quasi

292 2047 471 2090 abortus,
514 2047 688 2097 alerent,
729 2047 940 2092 vestirent,
981 2045 1091 2081 etad
1125 2045 1318 2090 publicam
1349 2044 1526 2079 notitiam
1557 2043 1704 2090 produ-

293 2107 438 2142 cerent,
469 2102 770 2150 ignorantiaque
801 2102 912 2147 recti,
943 2111 1138 2146 coccoque
1169 2101 1228 2136 sui
1256 2110 1405 2151 amore,
1435 2103 1611 2145 speratos
1644 2099 1706 2135 le-

292 2162 420 2194 ctores
450 2161 762 2202 contemnerent,
800 2158 942 2203 quibus
981 2157 1159 2192 inficetas
1208 2157 1308 2192 istas
1353 2157 1474 2202 dapes
1514 2166 1708 2202 apponere

293 2215 494 2251 auderent.
544 2215 635 2251 Fuit
664 2214 807 2259 aliquis
836 2214 963 2259 ipsius
984 2213 1316 2257 Valckenariique
1346 2212 1577 2257 discipulus,
1607 2212 1706 2246 ado-

293 2271 447 2306 lescens
481 2272 604 2306 honae
636 2271 777 2307 indolis
807 2281 854 2306 ac
883 2270 990 2315 spei:
1022 2269 1087 2315 qui
1117 2268 1165 2303 ab
1195 2268 1339 2312 ineptis
1358 2267 1625 2302 laudatoribus
1656 2267 1704 2302 ad

293 2326 355 2361 sui
387 2327 512 2372 ipsius
543 2328 833 2363 admirationem
866 2326 1155 2370 vanitatemque
1184 2325 1332 2374 elatus,
1375 2333 1490 2369 quum
1522 2323 1703 2358 audivis-

293 2385 366 2422 set,
398 2382 542 2428 duplex
575 2394 665 2420 esse
694 2393 821 2430 genus
850 2382 1173 2423 emendationum,
1204 2381 1365 2416 alterum
1396 2379 1560 2426 ingenii,
1591 2379 1704 2414 subi-

295 2558 323 2595 ⁸)
348 2559 759 2613 Repnb13x11.p.490.
790 2561 828 2590 D.
880 2552 985 2597 Οἶμαι
1009 2557 1074 2601 711'0
1100 2570 1134 2589 σε
1159 2556 1199 2589 ου’
1224 2557 1420 2597 λεληθέιαι,
1444 2552 1498 2587 ὅτι
1523 2554 1556 2587 οἱ
1579 2567 1703 2600 μειρα-

339 2602 458 2645 κίσκοι,
482 2602 566 2636 ὅται
592 2604 631 2636 τὸ
658 2617 792 2650 nrum-01
815 2604 922 2644 λόγωι
946 2604 1132 2645 γίιέιιιιται,
1155 2600 1196 2638 ὦς
1220 2601 1346 2642 παιδιᾷ
1370 2599 1488 2653 αι’(τοῖς
1512 2602 1706 2645 καταχρῶν-

341 2659 418 2687 ται,
457 2648 511 2680 ἀει
544 2649 589 2686 εἰς
625 2635 824 2690 ἀντιλογιαι
852 2649 1012 2702 γρύμενοι
1037 2648 1093 2679 καὶ
1127 2647 1329 2686 μιμούμειοι
1361 2644 1439 2680 τοὺς
1463 2645 1707 2685 ἐξελέγχοντας,

339 2694 442 2728 αὐτοὶ
471 2691 595 2731 ἄλλους
629 2695 822 2736 ἐλέγχουσι
851 2694 1049 2748 χοιέροιτεςζ
1075 2704 1186 2736 ωσπερ
1216 2689 1399 2731 σκυλακια,
1435 2692 1483 2732 τῷ
1514 2691 1620 2722 ἕλκειν
1651 2690 1709 2722 καὶ

342 2738 553 2784 σπαράττειι
578 2742 623 2782 τῷ
647 2741 735 2783 λόγω
761 2741 840 2776 τοὺς
863 2740 1006 2780 πληοιον
1029 2738 1094 2770 ἀεὶ.
1129 2738 1181 2768 De
1205 2745 1271 2776 quo
1292 2737 1374 2767 loco
1393 2736 1562 2775 quaedam
1587 2738 1706 2767 notavi

341 2788 382 2819 ad
411 2786 588 2818 Plutarchi
614 2786 782 2821 libellum,
833 2787 883 2816 De
909 2789 996 2817 Sera
1021 2784 1180 2815 Numinis
1205 2781 1378 2816 Vindicta.
1403 2790 1433 2820 p.
1465 2781 1518 2812 11
