1833 3237
843 230 893 234 —
982 205 1035 245 24
1124 229 1175 235 ..-

296 319 578 368 Hesiodeum*)
625 320 722 356 illud
763 321 826 370 fit,
865 321 931 370 τῆς
971 317 1003 356 δ’
1046 318 1183 369 ἀρετῆς
1218 319 1369 369 ἱδρῶτα.
1430 319 1571 358 Virtus
1600 320 1712 358 diffi-

297 380 413 417 cilem
451 382 489 414 et
525 376 682 413 sudoris
713 376 866 423 plenum
901 376 1018 412 habet
1055 375 1225 424 aditum,
1269 386 1524 424 progressum
1556 377 1712 413 facilem

297 438 337 472 et
375 433 600 471 iucundum.
657 432 980 478 Uniuscuiusque
1011 431 1197 477 deinceps
1241 431 1454 477 Scriptoris
1485 433 1642 469 facilior
1672 435 1717 469 fit

296 490 415 527 lectio
447 493 485 524 et
515 489 564 525 ad
595 492 805 535 sequentes
838 489 939 523 viam
965 488 1109 534 aperit:
1140 498 1187 523 ac
1216 488 1331 538 brevi,
1347 491 1519 534 tempore
1551 489 1597 524 ad
1630 499 1716 525 eam

294 545 524 582 facultatem
554 545 808 591 pervenitur,
849 548 891 580 ut
921 542 1064 579 Graeci
1096 544 1184 579 libri
1214 555 1339 589 aeque
1370 548 1516 590 promte
1545 545 1718 592 expedi-

295 605 414 648 teque
443 601 743 649 intelligantur,
777 611 889 646 quam
920 603 986 635 aut
1017 600 1168 645 Latini,
1202 603 1269 636 aut
1299 600 1424 646 patria
1453 601 1550 636 adeo
1578 600 1717 648 lingua

295 657 447 703 scripti.
510 655 575 695 Ad
608 658 710 693 hanc
741 656 969 693 facilitatem
1000 656 1159 692 multum
1191 657 1297 692 valet
1328 666 1413 692 cum
1443 656 1532 702 ipsa
1553 655 1718 704 linguae

293 713 470 763 indoles,
523 717 604 749 tum
634 723 728 749 vero
760 713 965 759 plurimum
996 715 1105 748 recta
1136 712 1414 760 progrediundi
1446 712 1557 748 ratio.
1615 712 1717 748 Lin-

294 779 424 818 guae,
471 780 564 816 prae
595 770 765 805 caeteris
797 768 975 804 omnibus
1006 767 1180 815 linguis,
1221 778 1267 802 ea
1299 771 1359 803 est
1388 768 1564 813 indoles,
1603 770 1647 804 ut
1679 770 1719 803 et

295 826 541 874 singulorum
573 824 814 872 significatio
841 824 1050 859 verborum
1080 825 1267 868 appareat
1290 823 1351 858 vel
1384 833 1433 859 ex
1455 823 1621 871 origine,
1653 823 1718 858 vel
1776 825 1778 827 ’

234 880 315 918 362³
347 892 452 917 nexu
484 872 676 927 cuiusque
706 880 805 916 loci:
835 882 874 915 et
905 878 1143 916 constructio
1165 876 1473 925 compositioque
1504 879 1716 914 dictionum

296 937 694 982 enunciationumque
733 936 781 971 ad
813 935 1027 982 simplicem
1060 938 1221 971 naturae
1252 935 1440 971 rationem
1473 937 1716 971 conformata

293 993 370 1039 sit3
413 997 455 1029 ut
486 996 623 1029 neutra
652 992 692 1028 iu
727 995 837 1038 parte
867 1002 977 1037 opem
1008 991 1148 1027 Lexici
1178 995 1255 1026 tam
1286 991 1375 1039 diu,
1409 1001 1523 1037 quam
1554 991 1643 1026 aliis
1674 991 1715 1026 in

295 1050 460 1097 linguis,
492 1049 775 1084 desideremus.
836 1048 959 1083 Recta
990 1046 1272 1093 progrediundi
1302 1047 1403 1082 ratio
1435 1047 1586 1083 duabus
1617 1057 1718 1082 con-

296 1104 444 1140 tinetur
475 1105 672 1150 partibus:
714 1105 861 1154 altera,
891 1103 997 1138 iusta
1028 1102 1272 1138 difficultatis
1304 1102 1496 1148 cuiusque
1526 1103 1717 1138 aestima·-

297 1160 426 1196 tione:
469 1161 607 1209 altera,
640 1159 851 1196 annotandi
884 1158 1181 1209 consuetudine.
1243 1158 1316 1194 Illa
1347 1159 1448 1194 hanc
1478 1158 1596 1194 habet
1625 1158 1719 1205 vim,

298 1219 344 1252 ut
373 1215 473 1252 locis
504 1216 734 1252 difficilibus
765 1226 838 1251 nec
857 1225 1007 1262 parum,
1039 1224 1112 1250 nec
1132 1214 1289 1249 nimium
1317 1224 1458 1260 operae
1487 1214 1718 1250 tribuamus.

299 1273 436 1310 Parum
468 1272 693 1320 tribuimus,
725 1282 839 1317 quum
860 1281 928 1307 eos
949 1271 1101 1318 leviter,
1136 1281 1207 1306 nec
1237 1270 1424 1306 adhibitis
1454 1271 1519 1319 iis,
1545 1271 1593 1306 de
1623 1270 1716 1316 qui-

296 1328 370 1364 bus
401 1328 590 1375 diximus,
627 1327 861 1375 expediendi
901 1327 1172 1363 instrumentis
1216 1327 1485 1372 praeterimus.
1543 1326 1717 1363 Nimium

297 1384 532 1434 tribuimus,
565 1396 680 1431 quum
712 1386 767 1421 ita
796 1384 842 1418 ad
876 1393 945 1419 eos
976 1383 1318 1430 adhaerescimus,
1351 1386 1416 1431 ut,
1452 1381 1527 1418 nisi
1558 1383 1716 1429 penitus

298 1441 508 1486 expeditis,
541 1441 724 1490 progredi
757 1440 944 1477 nolimus:
975 1440 1022 1474 ad
1054 1449 1166 1485 quam
1199 1439 1453 1485 pertinaciam
1485 1439 1598 1474 etiam
1622 1442 1716 1475 stu-

295 1495 607 1534 diosissimorum
649 1498 843 1534 hominum
883 1496 1135 1544 industriam,
1186 1498 1379 1542 tamquam
1422 1495 1471 1530 ad
1510 1495 1716 1541 scopulum

297 1554 520 1602 naufragio,
569 1554 697 1601 affligi
748 1553 939 1589 novimus.
1000 1553 1093 1589 Fuit
1142 1552 1236 1587 mihi
1287 1552 1494 1587 familiaris
1547 1552 1716 1600 quidam,

295 1609 492 1656 elegantis
524 1610 637 1645 homo
667 1610 845 1656 ingenii,
885 1608 952 1655 qui
983 1610 1057 1645 hac
1089 1609 1305 1655 pertinacia
1337 1612 1489 1654 eaptus,
1522 1608 1562 1643 in
1595 1608 1716 1643 facil-

296 1664 401 1700 limis
433 1665 549 1701 etiam
579 1665 680 1701 locis
719 1665 975 1700 difficultates
1016 1665 1092 1700 sibi
1123 1666 1316 1714 fingeret,
1356 1668 1415 1709 et,
1457 1663 1558 1709 quod
1589 1663 1715 1714 aiunt,

295 1721 437 1756 nodum
462 1721 499 1756 in
529 1722 660 1766 scirpo
684 1716 976 1768 quaere1·et,**]
1007 1721 1179 1766 mihique
1207 1721 1380 1765 ingenue
1403 1721 1607 1768 fateretur,
1639 1719 1717 1755 sibi

293 1776 421 1812 maius
462 1776 586 1811 videri
618 1788 730 1821 quam
774 1787 840 1821 pro
874 1777 1031 1812 humani
1071 1775 1224 1822 ingenii
1259 1776 1408 1811 viribus
1451 1774 1513 1811 vel
1545 1786 1663 1811 unum
1695 1785 1718 1811 e

295 1831 507 1867 maioribus
540 1832 709 1880 quidem,
743 1835 807 1867 aut
840 1832 1019 1880 Graecis,
1060 1834 1127 1866 aut
1158 1831 1310 1866 Latinis
1343 1842 1484 1881 prosae
1516 1831 1718 1879 orationis,

294 1888 578 1937 scriptoribus,
611 1891 794 1924 accurate
817 1888 981 1935 legisse.
1039 1887 1137 1931 Quid
1164 1885 1317 1935 igitur?
1350 1887 1514 1923 Laboris
1537 1887 1717 1923 molestia

293 1954 341 1979 ac
372 1945 529 1994 taedio,
562 1955 584 1978 a
615 1945 800 1981 continua
830 1944 1000 1979 lectione
1032 1944 1228 1988 reiectus,
1260 1944 1306 1978 ad
1341 1944 1506 1979 Latinos
1537 1944 1717 1979 adhaesit

291 1999 455 2036 Poetas:
488 2001 621 2036 horum
645 2001 735 2036 item
760 2000 1019 2045 paucissimos
1043 2000 1140 2047 legit
1164 2002 1291 2044 totos3
1322 2000 1361 2035 in
1385 1999 1547 2044 reliquis
1568 2009 1716 2048 eorum,

293 2060 334 2092 et
363 2056 490 2103 magis
514 2057 629 2091 etiam
662 2058 698 2091 in
721 2057 873 2091 solutae
905 2056 1095 2091 orationis
1124 2056 1402 2102 scriptoribus,
1430 2055 1599 2090 maxime
1621 2065 1716 2091 vero

211 2109 267 2154 37
293 2114 334 2148 et
364 2113 518 2148 omnino
549 2112 588 2148 in
621 2111 801 2155 Graecis,
832 2112 1007 2147 desultor
1029 2111 1170 2154 evasit,
1202 2115 1252 2153 et,
1284 2113 1387 2147 utin
1415 2111 1622 2158 proverbio
1641 2114 1718 2160 est,

296 2168 408 2205 canis
439 2179 462 2204 e
492 2168 584 2205 Nilo
616 2163 828 2215 bibit:***)
870 2167 980 2202 modo
1012 2166 1047 2202 in
1080 2167 1175 2214 hoc,
1217 2168 1328 2203 modo
1360 2169 1400 2203 in
1431 2168 1531 2215 alio,
1579 2178 1717 2203 versus

982 2220 1013 2244 io

294 2298 321 2335 ⁸)
346 2298 410 2338 op.
437 2302 473 2332 et
497 2300 539 2332 D.
564 2301 642 2333 289.
671 2300 818 2339 [Notum
843 2301 897 2331 est
928 2277 1021 2331 illud'
1041 2301 1146 2330 etiam
1176 2298 1351 2330 tironibus
1377 2307 1395 2330 e
1423 2301 1585 2340 Xenoph.
1611 2301 1714 2342 Mem,

339 2345 444 2374 socr.
472 2344 513 2382 11,
541 2343 570 2382 1,
595 2344 651 2375 20.
699 2346 794 2380 FB]

294 2384 339 2427 ‘’)
363 2388 437 2419 Cfr.
465 2388 599 2419 Ennius
626 2397 704 2428 pag.
732 2389 807 2419 136.
819 2389 873 2420 ed.
895 2389 1032 2419 Hessel.
1049 2389 1193 2419 Plautus
1218 2390 1435 2420 Menaechm.
1460 2389 1618 2426 11,t,22.
1643 2390 1714 2421 Τε-

340 2435 477 2464 rentius
502 2433 615 2464 Andr.
644 2434 685 2472 V,
711 2433 745 2474 4,
768 2434 823 2464 38.
848 2434 891 2464 ad
916 2443 1018 2474 quem
1046 2435 1158 2464 locum
1185 2434 1272 2464 haec
1295 2435 1441 2466 dictavit
1460 2434 1714 2465 Ruhnkenius:

343 2476 527 2519 „Nodum
551 2480 590 2509 in
613 2480 739 2518 scirpo
764 2481 932 2519 quaeris,
972 2480 994 2509 i.
1021 2487 1053 2509 e.
1079 2480 1220 2518 quaeris
1245 2479 1485 2514 difficultates
1512 2480 1568 2509 ubi
1595 2479 1714 2509 nullae

341 2525 459 2561 ,‚sunt.
510 2523 669 2562 scirpus
693 2527 747 2554 est
772 2525 909 2562 iuncus,
933 2525 990 2563 qui
1016 2524 1132 2554 nullos
1158 2522 1269 2553 nodos
1296 2523 1410 2554 habet.
1461 2523 1538 2554 vid.
1565 2523 1713 2553 Festum

342 2568 402 2605 „in
429 2568 494 2598 hac
517 2567 647 2598 voce.“
696 2567 783 2598 Add.
811 2569 947 2598 Erasm.
975 2568 1087 2606 Adag.
1116 2575 1193 2606 pag.
1226 2568 1301 2597 158.
1350 2569 1424 2598 FR.
1635 2580 1639 2582 “

295 2610 352 2646 ”“)
379 2611 404 2641 1.
431 2619 463 2642 e.
489 2612 606 2643 obiter
638 2615 772 2642 tantum
805 2615 944 2653 attigit,
979 2616 1016 2644 ut
1047 2613 1164 2642 solent
1195 2618 1301 2641 canes
1325 2613 1360 2641 in
1388 2613 1556 2650 Aegypto
1582 2613 1714 2643 cursim

339 2663 384 2687 ac
409 2659 678 2695 praetereuntes
698 2657 742 2688 de
764 2657 830 2687 Nili
852 2660 952 2697 aquis
967 2658 1135 2693 lambere,
1159 2661 1252 2686 metu
1269 2657 1544 2690 crocodilorum,
1564 2657 1714 2686 testibus

340 2700 491 2732 Aeliano
517 2701 606 2732 Hist.
632 2703 747 2732 Anim.
774 2702 835 2739 Vl,
860 2703 917 2733 53.
944 2703 1027 2733 Var.
1055 2702 1144 2731 Hist.
1171 2699 1197 2739 1,
1222 2700 1253 2730 4.
1280 2701 1396 2731 Plinio
1419 2702 1505 2731 Hist.
1528 2701 1604 2730 Nat.
1624 2701 1714 2740 vill,

338 2744 399 2777 40.
425 2744 478 2776 Cf.
504 2745 686 2776 Phaedrus
710 2746 795 2777 Fal).
824 2746 859 2786 Ι,
882 2747 938 2777 25.
987 2746 1191 2777 Macrobius
1216 2746 1358 2776 Satura.
1385 2745 1436 2784 ll,
1467 2745 1499 2775 2.
1550 2747 1714 2776 Erasmus

342 2789 445 2830 Adag
469 2799 501 2831 p.
514 2790 582 2821 239
599 2793 636 2821 et
656 2790 734 2822 364.
759 2790 981 2832 Interpretes
999 2791 1040 2822 ad
1061 2791 1265 2829 Scriptores
1281 2789 1450 2822 laudatos.
1479 2789 1712 2822 BERGMAN.
