1816 3233
495 588 1096 660 ADDENDA
1132 603 1144 616 “

84 841 166 878 Pag.
180 839 276 872 huius
291 840 339 871 ed.

129 885 164 917 5.
186 893 242 920 vs.
262 884 321 919 23.
347 893 423 926 sqq.
452 882 506 915 Ac
536 893 580 916 ne
618 884 698 926 quis
738 885 892 917 laudum
931 884 1073 918 nomine
1103 902 1147 910 —-
1177 886 1288 928 atque
1325 894 1507 920 emor-nem.

288 928 405 961 1stam
427 929 608 960 orationis
632 934 699 963 etc.
748 932 1034 973 Quotiescunque
1065 933 1158 964 hunc
1184 933 1301 966 locum
1324 934 1449 975 relego
1474 936 1510 966 et

286 977 466 1015 retracto,
491 977 597 1008 toties
622 977 722 1008 venit
745 978 829 1008 mihi
853 979 887 1008 in
912 981 1067 1010 mentem
1092 978 1296 1020 subvereri,
1319 986 1365 1011 ne
1389 981 1425 1010 in
1449 980 1507 1011 in-

233 1015 239 1022 '
288 1022 538 1061 terpunctione
570 1025 754 1061 peccatum
786 1023 835 1053 sit
866 1025 902 1053 et
933 1022 1235 1062 Wyttenbaohius
1270 1033 1335 1064 pro
1372 1025 1509 1056 maiore

287 1066 517 1098 distinctione
547 1068 629 1106 post
652 1067 754 1099 verb.
780 1074 953 1099 eoeornem
975 1068 1078 1099 colon
1110 1070 1192 1107 poni
1217 1070 1385 1101 voluerit.
1433 1070 1510 1108 Quo

287 1111 384 1143 facto
418 1111 544 1142 similis
576 1112 678 1143 huius
709 1113 778 1144 loci
809 1114 902 1145 ratio
927 1116 982 1144 est
1006 1114 1059 1144 his
1083 1114 1201 1145 verbis
1223 1115 1272 1145 M.
1297 1115 1421 1146 Tullii:
1456 1112 1512 1145 Ac

288 1163 332 1187 ne
355 1156 436 1197 quis
459 1164 484 1186 a
506 1155 609 1188 nobis
631 1156 698 1187 hoc
721 1157 776 1189 ita
799 1157 876 1189 dici
902 1155 1002 1197 forte
1024 1157 1180 1190 miretur
1203 1176 1249 1182 —
1270 1167 1315 1191 ne
1336 1167 1403 1190 nos
1425 1159 1512 1200 qui-

287 1200 369 1233 dem
399 1200 485 1232 huic
515 1203 580 1232 uni
611 1202 734 1234 studio
763 1202 908 1242 penitus
944 1211 1105 1244 unquam
1133 1204 1250 1236 dediti
1280 1203 1430 1245 fuimus.
1468 1205 1513 1237 de

288 1248 412 1287 quibus
437 1247 508 1278 vid.
536 1248 678 1287 Zumpt.
704 1247 860 1280 Gramm.
881 1248 959 1281 Lat.
985 1249 1020 1287 S.
1043 1249 1122 1280 772.
1146 1253 1236 1282 extr.

89 1289 173 1326 115.
196 1305 241 1314 —-·
264 1290 322 1324 20.
345 1300 411 1332 pro
433 1292 718 1336 necquidquam,
755 1293 849 1333 quod
873 1295 909 1325 in
933 1295 990 1326 ed.
1015 1303 1069 1334 pr.
1094 1297 1130 1326 et
1152 1297 1294 1336 Bergm.
1324 1302 1513 1335 perperam

287 1337 440 1379 legitur,
472 1340 603 1376 scripsi
636 1338 901 1379 nequidquam;
939 1340 1094 1380 itemque
1125 1349 1202 1381 pag.
1227 1342 1330 1372 huius
1354 1341 1408 1372 ed.
1434 1340 1512 1372 128.

221 1422 235 1425 ὰ
287 1391 342 1414 vs.
366 1384 424 1414 33.
457 1383 718 1427 nequicquam,
751 1385 809 1416 ubi
842 1385 896 1416 ed.
919 1392 975 1424 pr.
1010 1390 1045 1417 et
1075 1385 1218 1427 Bergm.
1248 1385 1515 1427 necquicquam

288 1429 472 1468 praebent.

67 1464 167 1507 ⁴11·7.
191 1473 413 1506 adnotationi
437 1475 575 1516 Bergm.
601 1474 777 1507 addantur
802 1475 907 1507 haec:
940 1474 1078 1517 „Sora
1102 1477 1158 1508 est
1179 1474 1298 1508 ›Soroe
1321 1477 1514 1509 Danorum.

290 1518 390 1551 FR·“

44 1565 46 1567 ’
84 1562 170 1601 118.
193 1573 251 1597 vs.
274 1564 332 1596 34.
355 1562 694 1605 Schuveiyhaeusero
718 1564 798 1597 dedi
822 1573 885 1604 pro
910 1563 1250 1610 Schweiyhausero,
1283 1567 1376 1608 quod
1401 1568 1456 1600 est
1478 1567 1517 1599 in

292 1610 348 1642 ed.
379 1617 431 1649 pr.
469 1613 505 1641 et
533 1611 672 1650 Bergm.
722 1611 805 1652 Pag.
838 1609 918 1642 133.
963 1610 1054 1651 (232.
1096 1612 1151 1643 ed.
1182 1611 1252 1653 pr.)
1291 1615 1327 1645 in
1366 1615 1517 1654 utraque

289 1654 649 1695 Sclzweiqhaeuserus
670 1656 813 1696 legitur.

92 1700 171 1736 131.
194 1702 231 1736 in
254 1700 335 1734 adn.
360 1700 395 1732 2.
421 1709 475 1732 vs.
501 1699 556 1732 12.
583 1701 743 1732 deleatur
767 1701 858 1732 iure.
898 1701 987 1733 Nam
1013 1701 1056 1733 ad
1081 1702 1251 1742 epistolas
1275 1710 1412 1743 quoque
1437 1702 1517 1734 vin-

290 1746 459 1778 dicandas
483 1754 593 1785 nuper
617 1753 816 1788 aggressus
842 1748 897 1778 est
921 1748 974 1777 vir
999 1746 1105 1788 longe
1123 1748 1347 1779 doctissimus
1362 1747 1515 1780 Carolus

288 1791 387 1824 Frid.
412 1791 656 1833 Hermanmm,
689 1794 790 1824 cuius
820 1791 1094 1824 dissertationes
1127 1801 1231 1833 quum
1260 1794 1345 1824 mihi
1376 1793 1516 1834 quidem

290 1837 443 1869 nondum
469 1837 594 1868 videre
619 1837 832 1878 contigerit,
867 1845 960 1868 nunc
984 1845 1055 1868 non
1087 1838 1172 1870 licet
1194 1838 1288 1870 aliud
1312 1839 1384 1870 nisi
1406 1838 1450 1869 ad
1474 1846 1518 1869 ea

289 1889 509 1923 provocare,
548 1890 638 1923 quae
669 1883 836 1922 leguntur
867 1883 903 1912 in
928 1881 1024 1914 Iahn.
1051 1884 1085 1914 et
1107 1883 1227 1915 Klotz.
1253 1885 1360 1916 novis
1383 1883 1516 1915 Annal-

295 1927 418 1968 philol.
444 1929 480 1959 et
501 1929 693 1968 paedagog.
721 1926 801 1958 Vol.
824 1926 964 1958 XLVII.
990 1928 1077 1959 fasc.
1100 1927 1128 1961 I.
1155 1935 1232 1968 pag.
1262 1928 1338 1960 108.
1364 1937 1440 1969 sqq.

86 1969 170 2008 149.
193 1974 232 2006 in
254 1973 334 2006 adn.
357 1971 391 2004 4.
417 1975 472 2004 sic
494 1973 692 2009 scribatur:
717 1973 966 2011 „Bergmanus
990 1980 1069 2004 cum
1095 1973 1149 2004 ed.
1170 1981 1220 2013 pr.
1239 1973 1419 2004 convitiis.
1453 1972 1516 2005 In-

290 2018 346 2049 fra
370 2025 448 2058 pag.
473 2018 525 2049 ed.
551 2025 602 2056 pr.
626 2017 704 2047 268.
731 2016 894 2047 convicio
919 2016 1015 2048 dedit
1040 2018 1129 2049 idem
1155 2027 1233 2051 cum
1257 2019 1312 2051 ed.
1336 2016 1478 2059 pi·inc.“

87 2065 168 2098 155.
193 2065 230 2096 in
253 2063 332 2095 adn.
358 2062 392 2093 2.
415 2066 496 2102 post
521 2071 579 2093 vv.
605 2061 799 2102 Beryman.
825 2061 878 2093 ed.
904 2062 981 2093 add.
1005 2070 1087 2093 cum
1108 2063 1230 2102 princ.

87 2110 170 2143 183.
190 2111 228 2142 in
252 2108 330 2140 adn.
354 2107 399 2140 ad
422 2107 480 2148 80,
504 2106 560 2138 15.
585 2116 635 2138 vs.
657 2108 689 2137 7.
716 2111 796 2146 post
817 2117 875 2137 vv.
900 2106 962 2138 sed
985 2107 1082 2147 quod
1100 2107 1227 2139 Cicero
1251 2109 1328 2141 add.
1348 2107 1512 2149 scripsit.

87 2153 168 2187 185.
193 2163 247 2186 vs.
271 2153 306 2184 8.
329 2153 436 2185 scrib.
462 2160 554 2193 quae
575 2152 711 2192 passio.
736 2150 857 2194 siqnif.
882 2160 953 2183 non
975 2153 1067 2184 sutis
1087 2152 1301 2192 probentur.

89 2199 170 2236 187.
193 2201 232 2234 in
253 2199 332 2233 adn.
357 2198 403 2232 ad
426 2197 507 2240 105,
531 2198 585 2231 13.
609 2201 689 2238 post
712 2206 770 2230 vv.
794 2196 903 2238 probi
927 2206 976 2230 cm
998 2199 1200 2232 adulterini
1223 2200 1305 2233 add.
1328 2198 1450 2233 Recte.

1197 2891 1254 2930 16
