1816 3233
890 190 1193 228 —146—

341 311 581 358 quissimum‚
613 308 932 350 caeterorumque
961 303 1070 351 origo
1111 313 1157 338 ac
1188 301 1428 348 principium.
1482 302 1580 337 'Erat
1622 300 1747 346 plane,

343 373 383 404 ut
414 368 480 402 ille
511 363 609 409 apud
643 357 955 407 Theocritum,*]

1750 403 1764 419 Ο

547 442 630 477 Πᾶν
660 439 711 476 ἐπ’
745 436 904 485 ἀλαθείᾳ
937 440 1189 484 πεπλασμένον
1220 437 1255 472 ἐκ
1279 435 1361 476 Διὸς
1391 438 1530 484 ὲ’ρνος.”

346 521 431 556 Nec
469 519 554 563 ipse
601 526 779 566 umquam
819 515 933 551 aliter
973 514 1220 561 loquebatur,
1262 522 1372 558 quam
1421 511 1633 558 sentiebat,
1678 522 1748 547 nec

345 585 412 611 eos
450 574 516 620 qui
555 583 669 609 secus
710 573 904 617 facerent,
950 572 1052 606 ferre
1091 571 1262 614 poterat:
1301 579 1373 604 nec
1422 567 1550 614 magis
1587 569 1750 604 terebat

344 631 453 676 illos,
493 629 584 665 licet
620 638 693 663 non
735 637 931 666 sermone,
971 630 1099 662 tamen
1140 635 1183 659 re
1222 628 1261 660 et
1303 625 1406 659 facto
1436 623 1655 670 mendaces,
1685 623 1749 668 qui

346 687 479 733 vultu,
510 684 655 730 oculis,
684 689 826 733 gestu,
855 674 1027 729 habitus
1053 681 1220 725 aliquam
1251 680 1473 722 doctrinae,
1512 679 1749 724 prudentiae,

344 742 526 787 virtutis,
567 740 738 787 speeiem
769 739 1014 774 simularent:
1056 737 1103 772 ab
1141 746 1264 780 eaque
1297 735 1469 770 vanitate
1499 737 1645 770 tantum
1675 735 1749 770 ab-

345 801 442 844 erat,
473 802 516 832 ut
546 796 748 842 imperitis,
779 795 844 839 qui
876 795 960 829 fere
993 793 1173 839 opinione
1205 792 1420 835 ducuntur,
1460 791 1586 826 minus
1617 791 1748 838 etiam,

345 864 455 899 quam
488 857 591 896 erat,
625 851 802 886 eruditus
842 849 1151 899 ingeniosusque
1197 845 1416 894 videretur,
1467 850 1505 882 et
1544 856 1588 881 se
1628 844 1749 882 videri

345 908 580 955 aequissime
619 910 828 953 pateretur.
898 906 1096 941 Noseebat
1116 913 1160 939 se
1191 903 1337 949 ipsum:
1370 913 1460 938 vera
1479 902 1541 937 sui
1561 900 1750 936 aestima-

345 967 450 1001 tione
479 963 738 1011 intelligebat,
770 961 922 998 censeri
951 971 996 998 se
1026 961 1065 996 in
1096 959 1338 1005 principibus
1369 958 1604 994 Literarum:
1636 966 1750 992 eum-

346 1031 420 1066 que
450 1031 493 1054 se
524 1029 635 1065 esse,
677 1028 748 1053 nec
779 1027 870 1063 prae
902 1027 945 1051 se
977 1017 1142 1060 serebat,
1173 1025 1244 1050 nec
1275 1014 1557 1049 dissimulabat.
1614 1011 1751 1059 Magis

345 1076 587 1122 congruebat
628 1083 714 1109 cum
757 1071 945 1115 Achillis,
986 1081 1096 1116 quam
1129 1070 1306 1118 UlyssiS‚
1343 1069 1492 1105 indole:
1531 1077 1682 1113 semper
1711 1067 1751 1103 in

344 1135 494 1177 promtu
524 1129 692 1165 habebat:
719 1127 835 1163 illud:

454 1207 604 1256 Ἐχθρὸς
634 1206 702 1256 γάρ
733 1222 795 1253 μοι
827 1212 953 1250 κεῖνος,
984 1205 1078 1252 ὁμῶς
1099 1203 1219 1240 ’Λΐὸαο
1251 1204 1418 1251 πύλῃσιν,

449 1263 509 1304 Ὅς
534 1262 570 1308 χ’
600 1265 722 1310 ἕτερον
751 1266 818 1309 μὲν
848 1261 976 1298 κεύθει
1006 1259 1057 1296 ἐνὶ
1087 1259 1226 1308 φρεσὶν,
1258 1259 1344 1295 ἄλλο
1376 1260 1415 1294 δὲ
1445 1254 1622 1306 βάζει.**)

247 1347 341 1387 245
455 1341 619 1375 Eramus
660 1338 866 1383 aliquando
906 1335 1125 1382 complures
1164 1336 1265 1382 apud
1305 1346 1413 1380 eum,
1452 1339 1489 1371 et
1519 1336 1623 1371 inter
1654 1346 1752 1371 con-

343 1395 593 1431 fabulandum
634 1394 829 1429 incidebat
869 1391 1080 1428 Villoisoni
1120 1392 1284 1438 mentio,
1330 1394 1591 1438 quantumque
1629 1392 1664 1427 is
1706 1392 1754 1428 de

342 1451 488 1488 Literis
509 1454 690 1487 mereret:
725 1452 803 1484 tum
825 1449 905 1496 ille,
936 1450 1009 1484 Est
1028 1459 1137 1494 sane,
1163 1449 1297 1493 inquit,
1330 1449 1578 1484 doctissimus
1600 1449 1753 1484 iuvenis

346 1508 382 1543 V
385 1508 610 1544 illoisonus:
643 1507 712 1541 sed
731 1506 935 1551 oportebat
953 1515 1041 1540 eum
1062 1506 1117 1540 acl
1137 1514 1208 1539 nos
1230 1505 1376 1551 venire,
1399 1513 1567 1551 meaque
1589 1507 1626 1540 et
1651 1503 1752 1540 Val-

342 1564 519 1598 ckenarii
548 1563 758 1608 disciplina
787 1562 858 1597 uti.
917 1563 999 1596 Hoc
1031 1560 1241 1606 nonnullis,
1270 1563 1313 1595 ut
1344 1564 1481 1605 postea
1510 1560 1604 1595 mihi
1634 1559 1752 1595 dixe·-

341 1622 453 1663 runt,
493 1618 699 1663 superbius
738 1617 1031 1663 pronunciatum
1072 1617 1287 1652 videbatur.
1358 1615 1482 1661 Atqui
1523 1616 1577 1651 nil
1608 1615 1684 1651 fuit
1712 1615 1752 1650 in
1781 1637 1791 1642 ν

342 1675 415 1710 hoc
444 1674 548 1710 dicto
579 1673 802 1719 superbiae,
835 1673 887 1708 nil
919 1673 993 1708 nisi
1024 1673 1168 1708 candor
1210 1682 1294 1707 cum
1325 1673 1522 1708 doctrinae
1551 1671 1754 1720 magnitu-

342 1730 453 1775 dine,
485 1730 649 1774 ciusque
681 1728 939 1777 conscientia,
979 1729 1221 1764 coniunctus.
1278 1730 1374 1764 Erat
1403 1729 1527 1764 instar
1558 1728 1754 1773 Chrysip-

342 1787 393 1830 pi,
406 1781 483 1831 ***)
544 1785 765 1820 Stoicorum
814 1784 1023 1829 principis,
1072 1789 1342 1833 φρονηματίαςε
1384 1785 1449 1829 qui
1488 1785 1753 1831 interrogatus

343 1842 390 1876 ab
420 1841 565 1887 aliquo,
597 1840 659 1874 cui
689 1840 810 1875 filium
836 1840 874 1874 iu
906 1839 1150 1885 disciplinam
1178 1839 1301 1886 daret,
1334 1840 1450 1883 Mihi,
1480 1839 1628 1885 inquit3
1659 1849 1752 1874 nam

341 1899 375 1932 si
396 1906 510 1942 quem
529 1906 589 1930 me
608 1897 807 1931 meliorem
826 1905 990 1937 nossem,
1022 1897 1105 1940 ipse
1124 1906 1185 1930 me
1206 1896 1242 1930 ei
1260 1896 1302 1929 z'n
1329 1895 1579 1941 disciplinam
1603 1897 1754 1932 darem.

340 1954 575 1996 Quamquam
607 1951 864 1987 Ruhnkenius
897 1951 1108 1986 modestius
1139 1951 1283 1996 agebat
1313 1951 1636 1998 elegantiusque,
1667 1961 1752 1987 cum

340 2008 439 2043 alias
470 2017 634 2052 semper,
666 2012 744 2042 tum
775 2007 841 2041 illo
873 2007 910 2041 in
943 2006 1069 2050 dicto,
1101 2007 1242 2052 quippe
1274 2006 1339 2051 qui
1365 2007 1630 2052 praestantiae
1659 2007 1753 2043 lau-

340 2064 424 2099 dem
465 2073 550 2098 cum
590 2061 853 2098 Valckenario
891 2062 1203 2099 communicaret.
1271 2062 1348 2098 Sed
1387 2062 1614 2098 Ruhnkenii
1653 2073 1752 2098 can-

343 2119 473 2154 dorem
521 2129 654 2154 omnes
689 2119 980 2165 agnoscebant,
1028 2118 1230 2154 doctrinae
1277 2119 1582 2166 magnitudinem
1622 2120 1752 2168 pauci,

343 2176 459 2210 etiam
489 2174 593 2210 docti
623 2174 814 2225 homines,
843 2173 1008 2209 interius
1040 2174 1340 2219 perspiciebant.
1399 2175 1471 2210 Ille
1503 2185 1593 2211 vero
1615 2175 1753 2211 virium

344 2241 500 2266 suarum
542 2230 786 2266 conscientia
816 2231 960 2273 fretus,
1004 2239 1075 2264 nec
1105 2231 1207 2275 quod
1237 2230 1395 2265 deesset
1424 2231 1498 2266 sibi
1529 2233 1751 2278 arrogabat,

345 2297 417 2322 nec
466 2286 562 2332 quod
605 2288 833 2332 superesset
873 2285 1105 2333 derogabat:
1154 2290 1191 2321 et
1241 2285 1480 2322 Socraticum
1518 2286 1614 2321 illud
1654 2284 1749 2323 εἶναι

345 2342 400 2379 καὶ
431 2344 549 2379 δοκεῖν
589 2343 941 2388 complectebatur:
982 2342 1137 2377 volebat
1177 2342 1267 2377 talis
1309 2341 1456 2387 videri,
1489 2342 1616 2387 qualis
1649 2347 1744 2383 erat,

345 2407 416 2432 nec
446 2397 546 2433 alius
577 2399 615 2433 in
647 2398 818 2444 scriptis,
849 2408 960 2443 quam
992 2399 1029 2433 in
1061 2408 1238 2434 sermone
1261 2402 1297 2434 et
1328 2398 1432 2433 vitae
1453 2398 1747 2436 consuetudine.

342 2581 371 2621 ·)
396 2582 498 2622 ldyli.
525 2584 602 2623 vn,
626 2585 682 2616 44.

344 2648 389 2685 ”J
416 2649 495 2687 (Qui
523 2652 628 2682 aliud
645 2652 809 2683 clausum
834 2655 869 2683 in
884 2655 1046 2695 pes-tore,
1072 2654 1173 2686 aliud
1196 2656 1231 2685 iil
1251 2656 1377 2694 linqua
1396 2654 1608 2694 promptum
1627 2653 1745 2685 habet:

389 2698 425 2723 ut
450 2697 499 2725 ait
517 2697 659 2728 Sallust.
676 2697 752 2729 Cat.
771 2699 819 2728 lt).
836 2699 905 2729 ΕΒ.
931 2700 1091 2734 (Homer.
1107 2700 1203 2731 iliad.
1228 2712 1250 2732 ι,
1273 2698 1367 2737 812.)
1395 2700 1449 2729 ubi
1470 2699 1537 2729 vid.
1552 2701 1746 2737 Spitzner.)

343 2760 402 2797 '‘')
426 2759 574 2802 Diogen.
603 2762 704 2793 Latii-r
743 2764 820 2803 Vll,
846 2765 918 2794 183.
