1833 3237
821 194 1154 231 -12—

280 308 366 346 eius
397 306 556 355 scriptis
586 304 1056 351 commentationibusque
1084 304 1258 353 apparet,
1288 303 1521 354 definiendi,
1549 305 1691 342 distri-

279 365 445 412 bue'ndi‚
483 360 800 410 argumentandi,
840 363 881 397 et
917 371 998 397 rem
1040 370 1233 407 quamque
1270 370 1343 397 suo
1378 361 1465 397 loco
1495 362 1687 407 ponendi:

212 420 266 456 17
281 421 423 467 quibus
453 418 597 455 officiis
628 417 842 466 neglectis,
871 417 959 453 laus
982 416 1277 463 perspicuitatis
1307 416 1620 465 elegantiaeque,
1649 421 1689 453 et

279 476 433 513 omnino
462 475 562 511 bene
591 474 789 510 scribendi
818 473 1000 520 facultas,
1031 476 1189 509 exstare
1215 472 1321 508 nulla
1342 474 1488 517 potest.

389 532 557 577 Interea,
588 539 661 576 quo
691 530 818 577 magis
848 529 888 566 in
917 529 1070 566 Latinis
1102 528 1246 566 Literis
1277 528 1445 573 aliisque
1470 528 1692 575 disciplinis

278 586 624 634 progrediebatur,
666 596 712 621 eo
751 585 879 633 magis
915 580 1089 631 quotidie
1133 584 1488 630 animadvertebat,
1534 585 1584 619 ad
1622 595 1691 620 eas

279 642 552 690 percipiendas
591 641 737 678 maiore
776 641 853 677 sibi
902 651 1001 687 opus
1045 651 1135 677 esse
1185 642 1425 677 Graecarum
1471 639 1692 676 Literarum

278 698 459 744 scientia,
490 708 603 744 quam
633 700 815 743 quantam
843 707 916 733 suo
943 697 1030 743 ipse
1059 696 1189 732 studio
1220 699 1258 732 et
1286 695 1453 742 Bergeri
1469 695 1692 742 Ritterique

279 753 545 789 admonitione
574 753 761 798 consequi
792 755 936 798 posset.
998 754 1048 788 Et
1078 761 1128 786 ex
1158 751 1221 786 his
1250 760 1370 795 saepe
1399 750 1596 800 audiebat,
1625 752 1694 787 in-

280 809 463 846 teriorem
513 809 668 855 quidem
718 808 956 843 Graecarum
1001 807 1222 843 Literarum
1269 805 1538 853 cognitionem
1590 817 1694 842 nunc

282 865 386 911 apud
415 865 522 900 solos
553 865 638 900 fere
669 865 840 901 Batavos
866 865 1024 906 florere,
1055 861 1096 897 in
1129 862 1264 908 primis
1292 861 1492 909 Lugduni,
1522 862 1590 897 ubi
1628 862 1694 897 di-

281 920 472 966 sciplinae
495 920 687 965 quondam
707 929 730 953 a
757 919 926 965 Iosepho
945 917 1151 965 Scaligero
1182 917 1420 954 constitutae
1450 927 1554 953 nunc
1584 928 1696 953 sum-

279 986 383 1011 mum
411 985 598 1021 praeesse
627 975 774 1021 virum,
813 975 1014 1012 Tiberium
1043 969 1445 1020 Hemsterhusium.*)
1506 973 1696 1009 Accede-

279 1033 347 1068 bat
385 1034 428 1066 ut
457 1041 527 1077 per
554 1030 659 1066 idem
697 1033 849 1077 tempus
880 1031 1018 1076 Lipsia
1048 1030 1340 1077 Wittebergam
1370 1032 1598 1065 excurreret
1625 1030 1696 1066 10-

281 1096 404 1122 annes
433 1088 647 1133 Augustus
678 1084 955 1133 Ernestus,**)
985 1085 1170 1121 tredecim
1199 1086 1284 1121 fere
1312 1084 1426 1120 annis
1457 1084 1695 1121 Ruhnkenio

281 1142 425 1188 maior,
460 1142 539 1177 iam
577 1142 683 1178 edito
721 1143 911 1179 Cicerone
950 1142 1117 1187 aliisque
1153 1140 1265 1177 libris
1314 1141 1457 1176 famam
1495 1140 1698 1177 doctrinae

282 1198 462 1245 adeptus,
491 1198 618 1244 isque,
648 1198 752 1243 apud
780 1199 975 1235 Ritterum
999 1198 1036 1234 ei
1054 1197 1302 1245 conciliatus,
1327 1197 1581 1232 vehementer
1610 1207 1697 1233 eum

283 1254 506 1290 hortaretur
535 1254 585 1289 ad
615 1255 853 1291 Graecarum
882 1255 1052 1291 studium
1082 1254 1302 1290 Literarum
1340 1253 1526 1300 gnaviter
1554 1263 1697 1299 perse-

283 1309 478 1356 quendum
516 1310 616 1346 duce
654 1310 694 1346 in
734 1310 867 1355 primis
898 1309 1209 1356 Hemsterliusio,
1241 1309 1334 1345 huic
1362 1309 1516 1345 illarum
1546 1308 1700 1355 princi-

282 1369 429 1413 patum,
460 1367 637 1412 quamvis
667 1367 917 1412 caeteroquin
948 1367 1115 1404 Gesneri
1143 1365 1456 1411 amantissimus,
1485 1365 1589 1400 haud
1620 1365 1694 1400 du·-

283 1422 349 1460 bie
380 1423 567 1460 tribuenS.
628 1423 755 1470 Igitur
784 1424 1046 1460 Ruhnkenius
1076 1422 1298 1459 incredibili
1327 1421 1701 1458 Hemsterhusiauae

283 1478 519 1524 disciplinae
549 1479 765 1524 cupiditate
794 1479 998 1533 incensus,
1021 1480 1058 1516 ei
1080 1489 1124 1515 se
1146 1479 1239 1515 dare
1269 1482 1309 1514 et
1338 1477 1574 1525 Lugdunum
1604 1487 1701 1524 pro-

283 1535 409 1570 ficisci
447 1535 671 1583 constituit,
714 1540 898 1582 parentes
930 1539 1057 1573 tamen
1087 1538 1204 1571 antea
1234 1534 1388 1571 consilii
1418 1534 1482 1570 sui
1512 1533 1699 1570 certiores

284 1591 431 1637 faeere,
461 1591 625 1637 eiusque
656 1592 855 1628 efficiendi
886 1594 933 1628 ab
962 1593 1013 1629 iis
1043 1593 1193 1639 copiam
1221 1591 1529 1635 facultatemque
1545 1593 1700 1636 petere3

217 1649 270 1685 18
284 1657 526 1693 quamquam,
559 1647 652 1693 quid
681 1649 910 1694 responsuri
940 1653 1087 1695 essent,
1118 1648 1236 1683 facile
1266 1647 1548 1694 augurabatur.
1597 1645 1701 1683 Nam

285 1703 327 1739 hi
356 1704 403 1738 ab
434 1703 509 1738 hoc
540 1704 791 1739 vehementer
820 1705 1077 1740 abhorrentes
1107 1703 1293 1750 consilio,
1324 1703 1452 1738 redire
1481 1702 1603 1739 filium
1633 1703 1701 1739 iu-

283 1759 390 1803 bent,
421 1761 465 1793 ut
493 1758 684 1803 reliquum
714 1760 857 1794 studiis
882 1760 1117 1796 destinatum
1139 1762 1291 1804 tempus
1319 1758 1360 1795 in
1389 1758 1601 1803 patriarum
1625 1769 1703 1794 una

284 1813 607 1865 Academiarum,
637 1817 679 1849 ut
699 1813 764 1850 lex
783 1817 879 1861 erat,
912 1816 1165 1863 transigeret,
1190 1824 1312 1860 eoque
1341 1816 1540 1850 transacto
1560 1825 1701 1850 munus

285 1873 458 1917 peteret,
495 1879 569 1916 quo
607 1869 713 1906 vitae
751 1871 941 1907 subsidiis
985 1871 1248 1917 prospiceret:
1294 1870 1452 1906 mittunt
1497 1871 1702 1916 pecuniam

286 1926 432 1962 viatico
463 1929 502 1962 et
522 1926 694 1974 negotiis
714 1927 761 1962 ad
783 1927 948 1964 reditum
970 1926 1257 1974 componendis,
1279 1926 1542 1962 necessariam
1563 1926 1700 1975 primo,

286 1982 429 2018 deinde
458 1983 699 2030 uberiorem,
738 1983 886 2019 inducti
916 1993 942 2020 a
971 1985 1146 2031 Bergero
1177 1983 1227 2018 ad
1256 1983 1327 2019 filii
1354 1983 1594 2029 propositum
1626 1983 1704 2020 nisi

286 2038 541 2085 probandum,
569 2042 697 2076 tamen
738 2040 954 2077 ferendum.
1013 2040 1139 2076 Filius
1178 2038 1315 2084 pietati
1353 2039 1620 2087 satisfactum,
1664 2041 1705 2075 et

287 2105 401 2132 suum
439 2094 516 2132 sibi
557 2095 686 2141 potius
726 2105 840 2141 quam
880 2098 1082 2143 parentum
1120 2095 1328 2143 iudicium,
1367 2095 1408 2132 in
1446 2105 1490 2131 re
1520 2095 1586 2132 ubi
1615 2095 1703 2142 plus

290 2259 323 2299 ⁸)
346 2258 400 2290 Cf.
426 2260 616 2292 Ruhnken.
640 2262 676 2291 in
702 2261 804 2300 Elog.
827 2260 1072 2293 Hemsterhus.
1099 2268 1177 2300 pag.
1202 2260 1259 2293 47.
1284 2268 1334 2300 sq.
1367 2260 1543 2297 (Narratt.
1575 2261 1619 2292 de
1643 2262 1701 2292 vi-

337 2306 383 2335 tis
406 2305 499 2335 hom.
524 2306 651 2336 excell.
676 2307 719 2337 ab
744 2314 800 2337 me
823 2305 878 2336 ed.
905 2307 985 2338 Vol.
1012 2307 1037 2337 Ι.
1062 2313 1142 2347 pag.
1167 2305 1243 2337 244.
1267 2307 1345 2345 sq.)
1384 2305 1457 2336 ΕΒ.

291 2369 338 2410 ”J
359 2371 436 2411 „lta
459 2369 712 2411 constanter,“
746 2372 860 2412 inquit
891 2373 1173 2414 Lindemannus‚
1203 2373 1303 2413 „¹3⁰0
1328 2380 1457 2403 nomen
1486 2372 1655 2404 scribitur
1682 2381 1705 2405 a

336 2415 655 2456 „Vi'yttenbacliim
680 2423 759 2447 cum
785 2418 1011 2449 scribendum
1035 2421 1082 2449 sit
1102 2416 1333 2449 Ernestius.“
1358 2417 1560 2448 Audiendus
1586 2421 1703 2448 tamen

336 2461 503 2502 VVolfius,
529 2463 586 2502 qui
610 2461 770 2492 Analect.
799 2463 881 2493 Litt.
900 2463 943 2493 ΙΙ.
968 2471 1048 2503 pag.
1064 2463 1144 2494 281.
1164 2463 1253 2494 haec
1273 2463 1435 2502 scripsitz
1461 2461 1703 2502 „Ernestium

336 2507 471 2545 „semel
496 2506 673 2545 appellavi
698 2507 803 2547 olim,
827 2515 931 2546 quum
956 2508 1176 2538 Tusculanas
1200 2508 1362 2547 ederem,
1393 2515 1461 2537 non
1489 2505 1703 2544 Ernestum,

337 2558 434 2591 „qua
464 2552 618 2581 nominis
649 2551 763 2582 forma
798 2552 875 2583 sere
913 2555 1059 2583 utuntur
1091 2553 1222 2583 Batavi.
1283 2551 1494 2590 lgnorabam
1525 2557 1593 2590 ego
1619 2554 1705 2590 tum,

337 2595 453 2637 „quod
476 2597 550 2626 illis
575 2597 729 2627 sortasse
752 2598 975 2638 innotuerat,
997 2597 1221 2636 displicuisse
1251 2597 1319 2636 ipsi
1349 2596 1499 2627 formam
1535 2597 1702 2635 priorem,

337 2649 405 2681 „ex
434 2648 502 2680 qua
531 2641 723 2679 periculum
757 2645 867 2681 esset,
901 2651 947 2674 ne
970 2642 1247 2673 confunderetur
1280 2649 1360 2672 cum
1384 2641 1591 2678 professore
1615 2648 1703 2680 quo-

337 2686 439 2726 „dam
462 2685 637 2724 Lipsiensi
661 2693 772 2725 paene
796 2687 944 2726 aequali,
970 2687 1023 2718 Io.
1047 2686 1159 2718 Henr.
1185 2685 1372 2724 Etr-aestio,
1395 2685 1439 2716 de
1464 2692 1532 2725 quo
1556 2693 1590 2716 V.
1607 2686 1705 2716 Saxii

338 2730 549 2771 „Nomench
572 2729 610 2771 Ρ.
637 2731 678 2760 V.
705 2738 784 2771 pag.
810 2732 890 2764 622.
937 2732 1059 2772 Nunc,
1082 2739 1189 2772 quum
1211 2729 1297 2762 illud
1325 2729 1474 2768 periculi
1495 2730 1615 2769 gloria
1636 2731 1704 2761 viri

342 2775 538 2817 „sublatum
556 2776 622 2815 est,
637 2775 709 2814 ipse
720 2775 873 2808 fortasse
888 2783 1001 2818 aequo
1017 2778 1135 2809 animo
1151 2777 1246 2809 feret
1260 2783 1395 2810 morem
1409 2773 1608 2809 nostrum.“
1630 2773 1703 2807 FB.
