1833 3237
853 184 1183 223 „38—

311 301 349 336 in
373 299 580 337 Germania
610 295 897 344 elegantissimi
927 296 1070 342 quique
1093 298 1301 339 tenuerunt
1334 297 1570 345 philosophi,
1601 298 1724 336 Men-

250 354 527 400 61delssol1ni‚
560 348 800 400 Sultzeri,*)
822 351 912 398 alii;
943 355 983 387 et
1005 352 1181 393 eamdem
1201 353 1377 398 profecto
1403 357 1583 400 repetent
1602 364 1723 400 seque

313 411 390 458 ipsi
437 421 487 445 ex
534 409 739 444 verborum
777 408 1018 444 obscuritate
1070 411 1110 442 et
1147 408 1365 443 involucris
1410 410 1458 444 ad
1498 410 1723 456 popularem

313 470 465 512 captum
506 467 546 500 et
584 464 823 501 Socraticam
864 462 1183 510 perspicuitatem
1230 464 1482 508 explicabunt
1521 465 1724 500 novissimi

312 522 371 557 illi
402 520 603 556 doctrinae
628 531 651 555 a
669 520 981 568 Regiomontano
1000 519 1227 555 Ruhnkenii
1257 518 1595 567 condiscipulo**)
1627 531 1722 567 pro-

313 576 419 612 ditae
450 586 660 621 sequaces3
689 576 722 611 si
754 575 908 621 quidem
938 575 1191 621 Philosophia
1220 575 1267 610 ad
1298 585 1536 611 communem
1566 576 1726 612 humani

311 632 474 680 generis
505 632 711 669 utilitatem
742 630 1121 678 intelligentiamque
1151 633 1318 680 spectat,
1347 641 1421 667 nec
1450 631 1536 667 eius
1558 631 1727 667 studiosi

313 688 443 736 magis
472 688 753 733 ve1·his‚quam
783 688 899 722 rebus
930 686 1064 724 fidunt.

426 745 543 780 Edito
564 744 737 789 Timaeo,
767 742 1027 779 Ruhnkenius
1058 741 1133 776 iam
1153 741 1208 776 ita
1238 744 1278 777 et
1296 742 1480 792 ‘doctrina
1508 743 1725 789 perfectus,

312 801 352 835 et
382 799 581 835 doctrinae
611 801 715 834 fama
746 798 875 832 clarus
903 799 1000 844 erat,
1029 798 1073 832 ut
1102 796 1324 832 accessioni
1354 797 1484 832 nullus
1514 807 1726 842 superesse

313 855 423 890 loeus
461 854 674 891 videretur.
731 854 786 890 Et
823 853 900 888 iam
940 852 1071 888 decem
1111 862 1233 888 annos
1270 852 1313 888 in
1342 853 1510 889 Batavia
1549 853 1726 900 degerat,

312 913 352 945 et
382 920 469 946 cum
499 912 696 946 tantarum
734 908 891 943 laudum
922 907 1256 945 commendatione
1295 908 1424 944 adhuc
1464 911 1550 944 erat
1586 909 1724 954 priva-

312 968 398 1012 tus,
434 965 599 1002 necdum
636 964 683 999 ad
720 963 917 1010 publicum
956 964 1122 1000 docendi
1152 974 1292 999 munus
1322 967 1542 1008 provectus,
1601 963 1725 1009 Atqui

311 1020 366 1056 ita
396 1021 607 1065 acciderat,
635 1020 723 1066 ipso
752 1020 894 1066 partim
923 1020 1094 1067 volente,
1125 1020 1264 1065 partim
1294 1029 1370 1054 non
1402 1020 1572 1056 nolente.
1613 1021 1725 1056 Sub-

310 1076 402 1112 inde
432 1087 518 1112 eum
549 1080 705 1112 veteres
738 1075 876 1121 amici,
914 1074 1119 1122 Ritterus,
1150 1076 1377 1123 Bergerus,
1407 1077 1624 1119 Ernestus,
1654 1085 1726 1121 per

310 1132 446 1167 literas
490 1133 720 1178 monebant,
765 1131 911 1167 habere
959 1141 1003 1166 se
1042 1131 1370 1184 opportunitatem
1418 1130 1651 1176 impetrandi
1689 1129 1728 1166 ei

313 1187 483 1225 muneris
514 1187 747 1234 professorii
786 1186 826 1223 in
857 1186 1089 1234 Germania,
1130 1189 1190 1234 et,
1229 1187 1341 1222 modo
1379 1186 1465 1232 ipse
1503 1186 1645 1233 vellet,
1684 1186 1725 1221 in

310 1246 463 1290 promtu
493 1254 583 1279 esse
615 1243 701 1279 eius
730 1243 902 1278 muneris
932 1242 1188 1289 adeptionem.
1243 1244 1363 1292 Sane>
1395 1242 1626 1288 accipienda
1655 1241 1727 1277 tali

311 1299 534 1336 conditione
559 1298 714 1344 melius,
740 1309 852 1345 quam
878 1304 1015 1345 postea
1033 1299 1142 1345 fecit,
1164 1299 1380 1334 rationibus
1402 1299 1486 1334 suis
1505 1302 1545 1333 et
1568 1298 1726 1334 futurae

311 1355 369 1392 rei
400 1355 584 1392 familiari
623 1355 902 1391 consuluisset.
960 1356 1016 1392 At
1053 1355 1130 1391 ista
1167 1365 1255 1390 eum
1295 1365 1390 1390 cura
1428 1354 1597 1390 nondum
1637 1357 1724 1390 tan-

311 1413 444 1459 gebat.
501 1412 642 1448 Multis
686 1413 860 1447 Batavae
899 1413 1029 1446 terrae
1070 1411 1333 1446 suavitatibus
1373 1414 1534 1456 captus,
1576 1412 1615 1446 et
1652 1419 1724 1445 sua

310 1468 398 1514 ipse
429 1471 569 1504 natura
599 1478 685 1504 cum
718 1468 914 1503 hominum
943 1467 1116 1515 ingeniis
1146 1467 1310 1502 mirifice
1341 1476 1589 1520 congruens)
1630 1475 1725 1512 per-

311 1527 430 1570 petuo
456 1524 494 1560 in
527 1535 573 1560 ea
598 1534 754 1560 manere
785 1524 1053 1559 constituerat.
1111 1520 1323 1569 Principio,
1354 1533 1440 1558 eum
1472 1523 1631 1568 ceperat
1659 1521 1726 1557 ille

311 1579 506 1615 libertatis
542 1590 709 1627 sensus,
749 1580 814 1626 qui
853 1579 1030 1615 omnibus
1071 1590 1146 1615 non
1184 1580 1327 1614 obesae
1365 1579 1473 1614 naris
1503 1576 1725 1613 hominibus

246 1632 298 1669 62
313 1645 451 1670 recens
491 1634 530 1670 in
562 1635 663 1670 hanc
693 1646 714 1670 e
744 1635 877 1670 vicina
913 1635 1077 1682 regione
1116 1635 1310 1681 ingressis
1350 1634 1558 1679 continuo,
1601 1633 1726 1669 veluti

311 1691 466 1736 quidam
497 1691 679 1727 sanitatis
711 1690 820 1736 odor,
850 1691 1039 1736 occurrit,
1070 1693 1110 1725 et
1139 1691 1361 1737 progressis
1391 1692 1553 1736 apparet
1582 1689 1724 1735 paula-

309 1747 377 1781 tim
409 1756 477 1791 per
495 1756 629 1781 omnes
659 1745 765 1781 vitae
783 1750 914 1791 partes
945 1745 1166 1791 civiumque
1191 1746 1349 1780 ordines
1371 1746 1550 1781 diffusus.
1592 1746 1726 1791 Porro,

310 1802 564 1836 veliementer
594 1811 720 1836 mores
749 1803 983 1836 Batavorum
1014 1801 1187 1835 amabat:
1228 1811 1345 1847 quos,
1385 1804 1429 1836 ut
1464 1801 1552 1846 ipse
1581 1800 1725 1846 aiebat,

311 1867 396 1893 cum
436 1857 553 1892 sortis
590 1860 669 1892 tum
709 1856 850 1892 indolis
893 1856 1065 1892 felicitas
1108 1860 1185 1892 tam
1224 1867 1248 1891 a
1289 1856 1426 1892 servili
1465 1856 1724 1901 potentiorum

311 1912 558 1956 adulatione,
596 1922 706 1958 quam
740 1922 762 1946 a
792 1912 960 1957 superbo
990 1912 1218 1948 inferiorum
1249 1915 1443 1948 contemtu
1474 1921 1656 1959 aversos,
1702 1921 1726 1946 a

309 1979 498 2004 vanorum
530 1969 620 2004 item
652 1968 853 2004 titulorum
883 1968 1093 2003 ambitione
1123 1967 1273 2003 alienos
1305 1968 1485 2015 fecisset,
1517 1970 1651 2003 contra
1675 1967 1725 2002 ad

309 2034 543 2070 generosam
581 2028 617 2060 et
660 2024 815 2059 civilem
853 2024 1066 2059 animorum
1113 2024 1391 2069 aequalitatem
1429 2025 1723 2060 conformasset.

310 2080 376 2117 Ad
412 2081 513 2116 hanc
542 2080 730 2115 rationein
761 2079 812 2114 ita
845 2079 1081 2114 adsueverat
1112 2079 1386 2125 Ruhnkenius,
1417 2082 1459 2114 ut
1489 2079 1528 2113 in
1560 2078 1724 2123 patriam

309 2136 434 2170 redux
464 2136 549 2180 ipse
578 2135 708 2171 veluti
733 2144 857 2170 novus
889 2144 935 2169 ac
964 2143 1103 2169 recens
1134 2134 1172 2168 in
1205 2145 1250 2169 ea
1283 2135 1619 2182 peregrinaturus
1651 2143 1725 2169 nec

311 2191 436 2239 magis
466 2192 551 2236 ipse
581 2191 665 2237 illi,
697 2200 810 2235 quam
841 2189 906 2224 illa
935 2189 1035 2234 ipsi,
1066 2190 1232 2234 amplius
1263 2191 1417 2235 placere
1448 2200 1578 2235 posse,
1609 2189 1725 2225 vide-

310 2250 428 2282 retur.
496 2247 594 2282 Tum
635 2256 728 2281 vcro
769 2248 926 2290 propter
964 2245 1074 2291 illas,
1114 2245 1162 2280 de
1200 2246 1340 2290 quibus
1383 2245 1573 2290 diximus,
1612 2244 1722 2280 dotes

310 2301 513 2337 facilitatis
553 2306 593 2336 et
630 2301 837 2345 candoris,
880 2304 918 2335 et
959 2310 1106 2336 morum
1144 2310 1405 2345 sensuumque
1445 2310 1528 2334 cum
1561 2299 1723 2335 Batavis

312 2357 628 2403 congruentiam,
661 2357 722 2392 his
754 2357 952 2402 omnibus,
991 2356 1152 2391 summis
1181 2356 1345 2403 infimis,
1376 2355 1571 2390 iucundus
1602 2365 1723 2391 acce-

311 2415 480 2458 ptusque
512 2415 615 2447 erat:
661 2411 701 2447 hi
732 2415 770 2446 et
799 2411 1054 2446 hortabantur
1084 2422 1171 2447 eum
1201 2414 1242 2447 ut
1272 2411 1310 2445 in
1343 2411 1507 2446 Batavia
1537 2413 1723 2456 maneret,

312 2470 352 2502 et
390 2467 575 2513 optabant
615 2470 657 2502 ut
695 2467 797 2502 intra
833 2467 952 2502 breve
990 2471 1143 2513 tempus
1179 2467 1219 2502 in
1260 2467 1445 2502 cathedra
1485 2465 1724 2501 Academica

310 2525 535 2570 poneretur.
596 2522 918 2559 flemsterhusius
956 2523 992 2558 ei
1023 2522 1331 2569 Lugdunensem
1370 2523 1615 2568 alterutram,
1658 2521 1723 2556 vel

309 2643 340 2680 ·)
365 2643 417 2674 Cf.
435 2643 585 2674 Ellendt.
610 2644 653 2674 ad
679 2641 752 2675 Cic.
776 2644 871 2674 Brut.
898 2644 955 2685 69,
976 2642 1056 2674 244.
1082 2641 1125 2673 ad
1148 2642 1175 2672 Ι.
1199 2641 1241 2672 ‹le
1257 2641 1355 2673 Orat.
1369 2641 1426 2679 48,
1445 2640 1524 2674 210.
1551 2641 1722 2673 Ochsner.

356 2687 398 2718 ad
424 2687 499 2719 Cic.
525 2689 649 2728 Eclog.
678 2697 756 2729 pag.
782 2687 862 2719 195.
887 2688 941 2718 ed.
965 2688 998 2718 3.
1045 2687 1117 2718 FP..

311 2752 354 2793 '·)
379 2753 521 2784 lminan.
551 2755 695 2785 Kartio.
721 2754 798 2787 vid.
828 2761 937 2794 supra
960 2761 1038 2796 pag.
1066 2752 1117 2784 10.
1144 2751 1196 2783 ed.
1222 2759 1274 2791 pr.
1322 2751 1393 2783 FR-
