1833 3237
863 223 915 232 ...
1001 194 1058 242 30
1143 217 1195 233 -<-

310 308 452 366 quibus
479 317 581 367 iam,
611 314 780 352 omnium
810 324 1028 366 consensu,
1059 319 1245 365 quartus,
1276 315 1452 362 quamvis
1481 316 1729 371 adolescens,

311 375 600 423 adiungebatur
629 372 903 409 Ruhnkenius.
960 372 1057 417 Quis
1089 383 1182 410 vero
1212 380 1286 408 non
1317 373 1480 411 miretur
1507 377 1566 412 tot
1594 373 1727 411 tanto-

307 440 469 475 rumque
506 428 654 465 Literis
684 428 963 475 praestantium
1005 428 1222 477 hominum,
1257 438 1335 465 una
1365 432 1516 480 aetate,
1546 438 1730 467 un0'eo-

308 487 472 530 demque
502 495 622 531 parvo
652 486 888 521 Batavorum
917 485 957 521 in
987 485 1153 532 populo,
1185 487 1443 534 proventum,
1473 490 1568 532 quot
1597 497 1728 532 quan-

307 544 511 587 torumque
550 551 599 577 ne
629 544 735 577 totus
773 541 928 588 quidem
958 540 1357 587 reliquus'terrarum
1388 541 1494 577 orbis
1526 552 1729 579 numerum

307 594 510 633 habebat?
566 599 618 634 Et
647 598 695 633 ab
725 597 792 633 illa
833 597 946 644 eopia
975 597 1011 633 si
1040 597 1090 633 ad
1121 601 1366 644 praesentem
1396 596 1567 644 inopiam
1597 598 1730 644 respi-

310 653 489 700 ciamus,
528 664 731 700 quamnam
764 653 884 690 huius
913 653 1149 689 calamitatis
1190 663 1371 690 caussam
1402 663 1492 690 esse
1521 651 1730 690 dieamus?

309 712 578 756 temporumne
607 710 902 758 adversitatem,
932 720 982 745 an
1013 709 1210 746 hominum
1240 707 1570 755 perversitatem?
1598 710 1730 756 Equi-

309 765 396 802 dem
429 767 558 813 potius
589 766 785 803 hominum
816 764 1115 811 perversitatem
1146 763 1325 810 dixerim,
1353 767 1394 800 et
1416 767 1657 812 frequentem
1688 765 1728 802 in

308 822 578 858 adolescentia
617 824 724 858 Deae
763 820 954 868 ignaviae
1003 821 1162 860 cultum.
1232 821 1311 857 Sed
1351 820 1439 857 nolo
1482 831 1585 857 nunc
1622 821 1729 858 istud

309 879 453 914 vulnus
497 878 674 926 aperire,
711 877 751 913 in
791 880 949 912 recente
990 876 1217 923 praesertim
1257 875 1482 913 Ruhnkenii
1511 877 1728 914 desiderio:

307 934 408 979 quod
439 933 570 981 magis
600 933 702 969 omni
733 933 885 969 ratione
916 933 1214 984 consolandum,
1246 943 1360 978 quam
1391 943 1579 970 novarum
1611 933 1729 982 eogi—

306 990 456 1025 tatione
485 990 730 1025 miseriarum
757 989 1069 1035 exasperandum
1101 993 1176 1025 est.
1214 990 1343 1032 Quare
1363 989 1533 1026 animum
1563 1000 1587 1025 a
1609 1000 1728 1036 prae-2·

306 1047 420 1081 sente
460 1045 626 1081 orbitate
665 1045 712 1080 ad
751 1045 916 1081 laetiora
954 1048 1128 1091 tempora
1164 1044 1429 1080 adolescentis
1468 1056 1515 1081 ae
1552 1046 1728 1082 florentis

306 1101 534 1137 Ruhnkenii
565 1104 852 1146 convertamus,
884 1102 1008 1136 Deum
1038 1100 1295 1136 immortalem
1316 1103 1536 1147 precantes,
1566 1105 1609 1137 ut
1639 1112 1728 1138 eum

239 1154 295 1192 47
307 1157 473 1203 pristino
503 1157 739 1204 reliquarum
769 1157 927 1193 laudum
959 1157 1104 1206 fructu,
1135 1157 1237 1192 hane
1260 1157 1376 1192 etiam
1395 1157 1616 1194 Literarum
1637 1157 1729 1194 lau-

307 1213 393 1250 dem
425 1215 574 1249 Batavo
607 1214 750 1259 populo
781 1212 975 1249 restituat.

418 1270 529 1318 Ergo
559 1268 883 1306 Hemsterhusius
912 1267 1192 1306 Ruhnkenium
1231 1269 1475 1319 hortabatur,
1505 1271 1550 1306 ut
1579 1269 1729 1316 aliquid

306 1326 492 1372 temporis
529 1325 863 1372 Iurisprudentiae
902 1326 1036 1374 daret,
1074 1326 1190 1371 eique
1229 1326 1438 1372 aliquando
1479 1336 1502 1362 e
1541 1327 1731 1363 cathedra

305 1382 506 1418 docendae
534 1382 712 1418 idoneum
741 1392 785 1418 se
811 1382 1004 1418 redderet.
1062 1382 1261 1418 Habuerat
1282 1382 1606 1419 Hemsterhusius
1624 1384 1729 1419 Fra-

305 1449 502 1485 nequerae
541 1439 581 1475 in
621 1439 755 1474 eodem
793 1448 942 1487 genere
981 1438 1213 1484 discipulum
1256 1439 1497 1488 Arnaldum,
1529 1449 1552 1474 a
1583 1439 1728 1476 biteris

303 1495 353 1530 ad
393 1494 749 1542 Iurisprudentiam
800 1497 1036 1543 profectum,
1091 1495 1297 1531 immatura
1343 1498 1468 1531 morte
1507 1496 1571 1531 his
1610 1495 1728 1532 terris

303 1554 504 1597 ereptum,
537 1555 574 1587 et
606 1551 761 1588 funebri
792 1552 840 1588 ab
871 1552 956 1597 ipso
987 1551 1162 1587 oratione
1192 1551 1412 1587 laudatum:
1451 1550 1570 1587 huius
1600 1552 1726 1587 ratio-

303 1617 391 1643 nem
420 1608 699 1644 Ruhnkenium
731 1608 844 1653 sequi
875 1608 1043 1644 volebat.
1105 1609 1284 1644 Habebat
1315 1609 1510 1644 Ernestus
1540 1603 1752 1654 discipli-'

303 1673 378 1699 nae
418 1663 616 1700 alumnum
661 1664 871 1710 Baebium,
921 1663 1242 1711 elegantissimae
1281 1663 1463 1700 iuvenem
1513 1664 1727 1711 doctrinae,

302 1718 462 1766 insigne
493 1720 614 1756 decus
645 1719 1006 1768 Iurisprudentiae,
1038 1722 1193 1755 veteres
1225 1719 1407 1756 Cuiaeios
1438 1722 1478 1756 et
1508 1720 1728 1757 Gothofre-

302 1775 375 1811 dos
405 1775 641 1821 relaturum,
673 1775 751 1810 nisi
781 1776 996 1822 longiorem
1028 1775 1064 1810 ei
1095 1776 1214 1811 vitam
1244 1776 1327 1810 fata
1355 1776 1608 1814 invidissent.
1669 1778 1728 1813 De

301 1831 539 1869 Ruhnkenio
579 1831 700 1878 longe
739 1831 865 1866 maius
905 1830 1000 1882 quid
1033 1830 1277 1877 ampliusque
1315 1832 1573 1877 exspectabat
1602 1833 1726 1868 Hem-

303 1887 542 1934 sterhusius,
574 1897 649 1933 quo
679 1887 824 1923 maiore
855 1886 923 1922 ille
953 1886 1181 1923 interiorum
1209 1887 1428 1923 Literarum
1459 1888 1572 1935 eopia
1602 1889 1727 1924 abun-

304 1943 436 1989 daret,
467 1954 619 1989 quoque
650 1943 796 1979 maiore
827 1953 959 1978 earum
989 1954 1064 1978 usu
1096 1945 1301 1979 subactum
1333 1944 1494 1980 haberet
1522 1944 1726 1984 iudicium.

303 1998 441 2045 ltaque
471 2000 732 2036 Ruhnkenius
763 2001 878 2034 vetus
909 1999 1245 2045 Iurisprudentiae
1275 2000 1468 2047 studium,
1510 1999 1551 2036 in
1581 1999 1729 2037 Ritteri

303 2055 453 2092 scholis
494 2056 742 2102 inchoatum,
783 2055 901 2102 longo
931 2054 1138 2091 intervallo
1179 2052 1496 2104 intermissum*)
1529 2056 1728 2105 repetivit,

301 2114 420 2158 atque
451 2112 581 2147 effecit
610 2115 652 2147 ut
683 2110 859 2156 proximo
889 2111 938 2145 ab
970 2106 1076 2146 edila
1105 2112 1228 2147 altera
1247 2112 1428 2158 Epistola
1448 2112 1595 2150 Critica
1613 2122 1727 2160 anno,

303 2167 423 2204 huius
463 2168 615 2203 saeculi
655 2166 978 2214 quinquagesimo
1016 2167 1214 2214 seeundo,
1254 2178 1536 2216 progressuum
1567 2179 1727 2205 suorum

304 2222 505 2270 specimen
537 2223 584 2259 ad
617 2223 810 2269 publicam
845 2223 1020 2258 notitiam
1040 2223 1235 2272 proderet,
1271 2225 1489 2272 Tlealelaei,
1511 2225 1725 2272 Theodori,

302 2279 515 2328 Stephani,
550 2280 703 2330 cyrilli,
737 2279 1052 2316 Commentarios
1084 2279 1259 2316 Graecos
1288 2281 1331 2315 in
1365 2281 1541 2316 Titulum
1571 2281 1728 2317 Codicis

303 2338 341 2371 et
370 2335 626 2381 Diyestorum
657 2337 705 2372 de
732 2336 986 2382 postulando,
1017 2336 1099 2372 sive
1128 2335 1177 2372 de
1206 2335 1421 2373 Advocatis
1450 2340 1488 2373 el
1515 2337 1727 2374 Procura-

236 2392 475 2440 48toribus,
517 2391 659 2428 Latina
699 2392 1020 2437 interpretatione
1063 2402 1109 2428 ae
1148 2392 1270 2428 doctis
1319 2392 1725 2430 animadversionibus

302 2444 534 2485 illustratos.
603 2447 688 2490 Quo
738 2448 954 2494 specimine
990 2459 1106 2495 quum
1146 2452 1185 2484 et
1224 2449 1512 2486 Hemsterhusii
1560 2450 1725 2485 consilio

306 2503 594 2553 satisfecisset,
636 2507 677 2540 et
714 2505 994 2541 eruditissimis
1024 2505 1122 2541 adeo
1151 2505 1349 2542 iudicibus
1384 2505 1590 2542 scientiam
1627 2516 1725 2552 pro-

305 2559 442 2596 basset
472 2570 604 2609 suam,
635 2560 773 2597 statuit
803 2560 1136 2608 Iurisprudentiae
1165 2561 1334 2597 studium
1366 2562 1493 2598 denuo
1522 2561 1722 2598 intermit-

305 2699 337 2741 Ἶ
361 2702 531 2734 Nimirum
554 2705 606 2735 ita
637 2705 931 2747 (intermissum),
959 2713 1030 2737 non
1063 2707 1101 2737 ut
1132 2704 1222 2738 luris
1255 2705 1410 2737 studium
1440 2706 1579 2745 penitus
1610 2704 1722 2743 depo-

350 2749 476 2787 suerit,
501 2748 563 2779 sed
587 2751 626 2779 ut
643 2752 865 2789 praeeipuam
891 2752 924 2781 ei
948 2759 1092 2789 operam
1116 2759 1185 2783 non
1210 2751 1386 2793 tribuerit,
1411 2751 1622 2784 destinatam
1647 2750 1722 2781 ele-

345 2792 573 2834 gantioribus
595 2794 720 2826 Musis.
769 2795 1006 2827 BERGMAN.
