1833 3237
871 205 1147 243 -.m-

297 319 378 368 piat
410 321 549 356 multos
582 317 841 369 adulterinos,
870 318 961 364 quid
1002 318 1094 354 huie
1136 319 1366 353 eventurum
1403 317 1545 365 putas?
1585 329 1712 356 nonne

297 387 480 424 magnum
512 376 715 425 damnum,
754 378 796 409 ut
835 376 900 420 qui
933 384 1006 410 non
1049 374 1190 409 habeat
1221 373 1363 419 quibus
1400 378 1554 427 utatur,
1595 385 1710 421 quum

298 436 450 477 tempus
482 433 519 465 et
560 430 782 466 necessitas
824 431 1074 466 emendarum
1113 440 1241 466 rerum
1282 428 1492 465 inciderit?
1528 433 1597 466 Ῥ.
1637 433 1712 468 Est

299 490 487 533 profecto,
517 490 560 521 ut
589 487 700 522 dieis.
760 487 805 522 R.
838 487 941 522 Vide
980 496 1114 531 porro:
1149 485 1415 532 navigationis
1453 486 1711 522 instrumenta

300 553 425 577 nonne
456 546 546 577 sunt
576 543 827 590 gubernator,
862 546 1016 591 nautae,
1048 542 1160 577 navis
1192 542 1355 586 eiusque
1386 545 1531 592 partes,
1561 544 1708 585 carina,

297 598 486 648 tabulata,
518 598 840 649 gubernaculum,
870 598 1053 645 anchora,
1073 598 1175 648 vela,
1205 597 1343 646 malus,
1361 598 1560 639 rudentes,
1581 596 1713 633 aliae?

297 654 419 701 igitur
450 659 641 690 mercator
681 658 747 689 aut
790 654 1022 700 nauclerus,
1061 657 1266 698 antequam
1306 664 1350 688 se
1381 653 1475 689 mari
1513 655 1553 688 et
1582 653 1711 688 ventis

298 710 520 753 committit,
560 710 658 746 haee
697 710 772 744 sibi
817 709 1005 754 prospicit
1036 712 1073 744 et
1104 713 1215 754 parat
1245 708 1524 745 instrumenta:
1564 719 1636 744 nec
1666 719 1713 744 ea
1752 714 1757 721 “

297 770 443 801 temere
474 769 512 801 et
541 765 827 801 inconsiderate
857 766 903 800 ab
935 765 1024 800 aliis
1055 765 1220 816 accipit,
1250 765 1319 799 sed
1349 765 1504 809 inspicit
1536 768 1574 798 et
1602 765 1712 800 iudi-

298 824 358 856 cat
398 823 556 856 firmane
595 825 633 857 et
676 822 793 867 proba
832 821 910 856 sint
950 820 996 855 ad
1036 831 1171 866 usum3
1215 830 1263 854 ne
1307 821 1405 855 forte
1444 820 1713 867 negligentiae

214 879 293 917 106
308 887 453 923 poenas
501 877 582 912 luat
622 877 831 924 naufragio
871 878 938 911 aut
977 880 1111 911 morte.
1182 877 1224 914 P.
1266 876 1483 911 Verissime
1523 877 1594 911 ais.
1661 877 1711 913 R.

298 932 475 969 Diximus
515 942 607 968 vero
646 932 759 968 etiam
792 933 1000 967 Historiam
1042 942 1132 967 esse
1176 931 1468 968 fundamentum
1508 931 1712 967 doctrina-

297 998 407 1024 rum:
447 989 521 1024 iam
561 989 607 1023 ad
648 988 816 1024 aedificii
856 988 1008 1023 laudem
1050 989 1250 1022 referrene
1291 992 1408 1032 putas
1446 991 1572 1022 utrum
1615 989 1712 1022 fun-⁶

297 1044 476 1078 damenta
507 1043 631 1078 solida
661 1047 699 1078 et
730 1045 848 1088 firma,
880 1054 928 1078 an
961 1053 1062 1077 vana
1093 1046 1132 1077 et
1161 1042 1323 1087 infirma,
1351 1040 1460 1077 sint?
1519 1044 1561 1078 P.
1592 1043 1712 1078 Immo

295 1102 417 1133 totum
448 1103 630 1143 quantum
663 1100 798 1135 refert.
857 1100 904 1134 R.
937 1098 1014 1133 lam
1046 1098 1253 1145 intelligiS,
1286 1108 1307 1133 o
1339 1098 1514 1146 mirifice,
1545 1100 1612 1132 tua
1637 1098 1713 1133 Hi-

299 1155 420 1190 storia
459 1155 573 1199 quale
610 1154 661 1189 sit
701 1155 998 1189 instrumentum
1041 1158 1078 1189 et
1116 1154 1428 1190 fundamentum:
1466 1155 1610 1198 quanto
1649 1158 1713 1188 tuo

301 1220 386 1246 cum
419 1210 590 1254 periculo
621 1221 668 1244 ea
697 1220 840 1246 usurus
872 1210 941 1254 sis,
972 1220 1085 1254 quum
1118 1210 1156 1244 in
1189 1209 1292 1244 vitae
1321 1209 1491 1255 actione,
1520 1213 1712 1254 tamquam

301 1266 565 1312 navigatione,
597 1269 664 1300 aut
686 1265 804 1306 nulla,
833 1270 900 1301 aut
927 1266 1028 1300 salsa
1057 1265 1126 1300 tibi
1157 1265 1302 1312 agendi
1335 1265 1514 1310 exempla
1545 1265 1713 1310 praebe-

301 1322 369 1363 bit,
401 1325 438 1356 et
470 1322 506 1356 in
538 1321 748 1356 studiorum
780 1322 930 1356 ratione
962 1332 1083 1356 vanas
1124 1320 1195 1356 tibi
1234 1321 1484 1357 auctoritates
1517 1332 1563 1356 ac
1593 1331 1713 1366 prae-

301 1381 413 1422 cepta
443 1378 650 1414 subiiciet:
681 1382 718 1412 tu
751 1387 897 1412 omnem
930 1377 1141 1413 Historiam
1182 1376 1250 1412 tibi
1290 1378 1514 1422 percepisse
1545 1377 1713 1413 videba-

298 1433 374 1470 ris:
407 1433 515 1468 vides
547 1438 730 1478 quantum
762 1434 853 1469 inde
883 1434 1097 1469 detractum
1129 1433 1203 1468 sit:
1243 1433 1297 1468 nil
1328 1433 1513 1468 audivisti
1557 1433 1605 1467 de
1637 1433 1712 1468 Hi-

297 1489 477 1535 storicis,
518 1490 569 1525 nil
602 1490 649 1525 de
692 1490 823 1526 Poetis
864 1501 909 1525 ac
947 1489 1221 1538 Phssosophis,
1262 1487 1314 1524 nil
1357 1489 1404 1523 de
1442 1499 1640 1523 munerum
1673 1491 1713 1524 et

297 1545 595 1592 magistratuum
636 1546 807 1591 ratione,
855 1549 914 1592 et,
954 1550 994 1581 ut
1034 1546 1236 1591 suspicor,
1276 1545 1330 1579 nil
1368 1545 1417 1579 de
1453 1545 1540 1580 aliis
1579 1544 1712 1580 multis

296 1601 412 1636 rebus
445 1611 529 1636 cum
562 1601 769 1645 civilibus,
809 1604 887 1636 tum
920 1602 1096 1643 bellicis,
1137 1601 1256 1645 locis,
1288 1600 1548 1646 temporibus,
1579 1600 1632 1635 nil
1664 1600 1712 1635 de

297 1667 524 1692 caussarum
565 1657 858 1701 observatione,
898 1657 951 1693 nil
991 1657 1157 1702 denique
1195 1656 1244 1692 de
1283 1657 1435 1692 ratione
1474 1667 1550 1702 qua
1579 1666 1712 1691 verum

297 1722 318 1747 a
350 1712 450 1747 falso
482 1713 753 1750 discernatur:
793 1714 931 1758 quibus
972 1713 1151 1749 omnibus
1181 1712 1393 1757 detractis,
1433 1712 1571 1758 ecquid
1615 1712 1713 1747 reli·-

297 1777 411 1813 quum
444 1768 641 1802 Historiae
674 1769 742 1803 tibi
775 1766 934 1803 manet?
993 1770 1036 1804 P.
1067 1770 1146 1804 Iam
1178 1767 1372 1815 intelligo,
1403 1771 1442 1802 et
1465 1767 1633 1813 poenitet
1653 1777 1712 1803 me

296 1833 439 1868 operae
470 1823 508 1858 in
540 1823 714 1858 Historia
744 1824 909 1869 positae.
968 1823 1016 1860 R.
1059 1825 1164 1859 Bono
1200 1823 1326 1858 animo
1365 1822 1443 1859 sis:
1485 1833 1587 1858 nunc
1625 1823 1710 1868 pri-

296 1889 398 1914 mum
431 1880 585 1923 proficis
617 1878 662 1913 ad
694 1879 914 1927 scientiam,
946 1889 1061 1923 quum
1093 1879 1316 1926 intelligere
1352 1878 1496 1924 incipis
1527 1882 1711 1924 quantum

297 1935 348 1969 sit
379 1935 477 1983 quod
512 1935 685 1970 nescias:
717 1939 752 1969 et
785 1935 913 1981 vides,
944 1935 1073 1977 credo,
1104 1934 1186 1978 tibi,
1217 1935 1280 1978 qui
1302 1934 1408 1969 brevi
1438 1935 1477 1969 in
1498 1935 1713 1969 Academia

297 1990 495 2025 doctrinas
526 1994 798 2039 percepturus,
831 2001 877 2025 ae
910 2000 1021 2035 porro
1054 1990 1158 2025 vitae
1189 1993 1227 2025 et
1258 1990 1434 2034 privatae
1465 1995 1502 2026 et
1534 1991 1712 2035 publicae

298 2046 405 2092 quasi
446 2046 520 2081 iter
560 2049 596 2081 et
638 2047 929 2091 navigationem
959 2046 1214 2092 ingressurus
1243 2046 1322 2090 sis,
1365 2046 1433 2082 tibi
1463 2046 1587 2093 igitur
1616 2046 1711 2081 illud

214 2102 454 2147 10⁸7pnerile
487 2102 682 2137 Historiae
714 2102 1001 2137 fundamentum
1034 2105 1073 2136 et
1102 2102 1399 2136 instrumentum
1439 2112 1512 2136 non
1545 2103 1713 2137 suffice-

296 2168 352 2200 re,
383 2158 451 2193 sed
484 2167 582 2202 opus
613 2168 703 2193 esse
735 2158 902 2193 firmiore
933 2162 972 2192 et
1001 2157 1225 2194 efficaciore
1256 2160 1293 2192 et
1319 2157 1431 2202 quasi
1463 2157 1579 2203 virili,
1610 2157 1709 2202 quod

297 2214 344 2248 ad
376 2214 594 2248 uberiorem
626 2214 793 2248 omnium
823 2223 949 2249 rerum
981 2212 1266 2260 cognitionem,
1306 2222 1532 2247 caussarum
1570 2213 1710 2248 obser-

298 2269 506 2317 vationem,
537 2269 621 2304 veri
652 2270 817 2314 falsique
846 2268 1049 2311 iudicium,
1079 2272 1158 2304 tum
1189 2267 1376 2314 denique,
1406 2271 1449 2303 ut
1488 2265 1543 2304 ita
1573 2268 1713 2313 dicam,

299 2325 345 2359 ad
379 2324 587 2360 Historiam
620 2326 828 2369 Historiae,
859 2325 1001 2370 valcat,
1032 2324 1070 2359 id
1100 2327 1162 2360 est
1191 2328 1232 2359 ut
1254 2333 1472 2371 cognoscas
1502 2323 1566 2369 qui
1599 2325 1712 2361 Seri-

302 2383 446 2425 ptores,
476 2380 616 2426 quibus
647 2381 685 2415 in
718 2382 859 2427 rebus,
900 2391 976 2426 qua
1007 2381 1082 2416 fide
1113 2384 1151 2416 et
1180 2380 1407 2416 auctoritate
1437 2380 1586 2415 versati
1616 2379 1708 2418 sint.

299 2438 340 2472 P.
372 2437 589 2472 Veris-sime
620 2447 774 2473 mones:
813 2440 851 2472 et
881 2437 1043 2472 obsecro
1074 2440 1131 2482 te,
1170 2439 1213 2471 ut
1251 2436 1345 2472 mihi
1383 2436 1549 2482 aliquem
1589 2436 1709 2471 libel-

300 2492 377 2527 lum
409 2492 496 2540 des,
527 2504 575 2527 ex
607 2503 681 2538 quo
714 2493 811 2529 haec
843 2493 971 2528 omnia
1001 2492 1108 2528 brevi
1149 2496 1321 2537 tempore
1350 2492 1510 2528 discam.
1571 2493 1618 2529 R.
1650 2493 1709 2527 Tu

300 2548 473 2594 quidem,
513 2559 534 2583 o
573 2549 693 2595 bone,
732 2550 857 2585 omnia
900 2560 949 2586 ex
980 2549 1123 2584 libellis
1154 2548 1384 2593 quibusdam
1415 2547 1563 2593 percipi
1593 2557 1710 2593 posse

299 2607 434 2650 putas,
474 2605 539 2649 qui
579 2606 733 2641 scilicet
772 2606 878 2641 illum
920 2606 967 2640 de
999 2604 1172 2640 Historia
1201 2604 1395 2646 libellum,
1433 2614 1544 2648 quem
1577 2604 1710 2654 magi-

299 2663 403 2695 strae
433 2663 523 2695 tuae
553 2662 717 2697 recitare
748 2662 872 2704 soles,
903 2661 1124 2697 edidicisti:
1165 2670 1288 2704 neque
1325 2659 1397 2694 hoc
1434 2660 1485 2694 ita
1518 2660 1625 2705 dico,
1664 2670 1711 2695 ac

299 2716 333 2750 si
363 2719 401 2751 te
431 2716 574 2751 laboris
607 2718 684 2768 tui7
716 2722 782 2753 aut
813 2719 1026 2764 magistrae
1055 2720 1157 2761 tuae,
1189 2715 1387 2760 poenitere
1417 2715 1580 2766 debeat,
1610 2725 1709 2761 quae

298 2772 541 2809 utilissimam
581 2783 660 2809 rem
700 2774 792 2808 fecit
832 2772 1065 2810 inculcanda
1095 2771 1303 2807 memoriae
1344 2774 1435 2807 tuae
1465 2772 1540 2807 hac
1570 2770 1709 2817 puerili
