1833 3237
665 200 971 242 —107-

119 316 201 353 Has
229 313 415 351 mendose
444 316 484 350 et
513 324 602 351 eum
630 314 898 362 grammaticis
929 313 1039 350 vitiis
1068 324 1119 350 ex
1147 313 1215 350 illa
1245 314 1404 351 officina
1434 325 1530 360 pro-

118 370 243 407 diisse
270 369 550 417 indignabatur
579 370 862 417 RuhnkeniuS,
892 369 1011 416 idque
1048 381 1095 406 eo
1132 370 1282 418 magis,
1312 370 1412 416 quod
1451 370 1528 407 sibi

119 424 277 462 occasio
307 425 425 462 huius
454 425 596 474 flagitii
626 425 782 472 publice
802 425 1028 473 corrigendi
1058 425 1380 474 expurgandique
1405 426 1529 461 dees-

117 484 202 518 set:
239 481 364 529 igitur
393 491 475 529 eas,
515 483 564 518 ab
593 481 680 528 ipso
710 481 900 527 quondam
931 482 1168 529 emendatas,
1199 483 1272 518 hoo
1301 482 1387 518 loco
1415 481 1528 517 refe-

117 537 260 574 rendas
290 537 526 575 censuimus.
583 537 713 574 Simili
740 537 781 573 in
812 547 956 573 caussa
987 537 1226 573 stomachari
1255 547 1343 573 eum
1373 536 1530 573 memini

116 592 166 630 de
196 592 463 641 negligentia,
502 602 577 638 qua
613 592 799 640 Elogium
838 592 1228 629 Hemsterhusianum
1267 593 1306 629 in
1345 592 1530 641 Harlesii,

118 650 171 687 V.
202 649 274 696 CL,
308 649 411 685 Vitis
439 649 733 695 Philoloyorum
760 648 966 695 repetitum
996 649 1163 694 dicebat,
1193 648 1306 684 euius
1335 648 1376 684 in
1406 649 1530 695 primo

117 705 238 741 verbo
253 707 367 751 turpe
388 703 525 741 vitium
554 704 764 741 admissum
796 714 887 740 esse
914 704 1032 750 istud,
1062 705 1173 740 Dum
1201 705 1297 740 mihi
1316 706 1530 752 mayistra-

117 764 202 798 tum
229 761 505 797 academicum
540 761 754 807 deponenti
788 761 944 807 publice
983 761 1197 797 dicendum
1233 764 1349 808 esset,
1385 758 1529 807 perfe-

117 819 221 854 ctam
234 817 372 854 critici
388 814 565 862 formam
583 817 625 852 in
640 817 796 853 Tiberio
815 816 1114 853 Hemsterhusio
1131 816 1319 863 spectavi,
1331 816 1417 852 loco
1432 816 1532 862 eius,

117 872 218 918 quod
239 872 326 917 ipse
343 871 516 918 scripsit,
529 874 630 908 Cum
648 872 748 907 mihi
764 881 868 918 may.
888 875 965 909 eet.
996 882 1083 908 nan
1113 871 1335 908 huiusmodi
1364 871 1404 907 in
1435 881 1530 908 ora-

117 926 238 963 tionis
268 937 374 963 nexn
403 926 499 963 illud
535 928 648 963 Dum
691 937 767 963 non
796 927 924 963 minus
955 937 1046 963 esse
1077 927 1258 963 vitiosum
1288 937 1337 962 ae
1365 928 1428 963 vir
1456 928 1530 964 bo·-

116 993 187 1030 na,
216 982 360 1019 mulier
390 982 529 1029 bonus,
561 985 599 1018 et
629 981 787 1019 similia.
832 982 911 1018 Sed
926 982 1125 1018 literarum
1148 982 1196 1018 ad
1217 981 1436 1018 Hakenium
1457 982 1532 1018 hoe

117 1041 179 1075 est
207 1038 444 1084 exemplum:
480 1038 717 1085 „Plurimum
747 1038 965 1075 reverendo
996 1042 1035 1074 et
1064 1038 1292 1075 doctissimo
1322 1037 1408 1074 viro
1439 1038 1532 1075 Chr.

118 1093 253 1145 „GuiL
284 1095 435 1130 Haken.
474 1096 515 1130 S.
546 1096 589 1132 P.
621 1096 667 1131 D.
697 1094 820 1131 David
861 1094 1136 1133 RuhnkeniuS.
1191 1093 1422 1130 Iamdudum
1451 1093 1531 1130 hu-

115 1150 381 1198 „manissimis
411 1149 538 1186 literis
568 1150 647 1186 tuis
677 1149 981 1197 respondissem,
1010 1149 1084 1186 nisi
1115 1152 1254 1186 nautas
1270 1149 1531 1185 Dantiscanos

116 1209 212 1253 „aut
241 1207 491 1251 pomeranos,
517 1215 677 1251 quorum
700 1205 791 1242 fidei
811 1205 967 1242 libellos
982 1208 1072 1242 a'l'e
1093 1205 1287 1252 expetitos
1307 1205 1531 1241 committe-

115 1271 246 1309 „rem,
287 1261 576 1308 exspectandos
614 1264 825 1307 putassem.
891 1263 1043 1298 Verum
1073 1272 1160 1297 eum
1191 1260 1290 1296 nulli
1320 1261 1368 1296 ab
1398 1260 1531 1306 aliquo

114 1320 316 1367 „tempore
345 1316 680 1354 Amstelodamum
711 1316 905 1365 venerint,
944 1319 1028 1362 aut,
1065 1317 1100 1353 si
1132 1316 1323 1362 venerint,
1354 1315 1531 1352 notitiam

114 1383 266 1422 „meam
305 1373 532 1422 effugerint,
574 1373 697 1410 libros
734 1372 889 1419 quidem
930 1373 1078 1421 plures,
1116 1382 1211 1419 quos
1250 1371 1415 1420 petiisti,
1454 1371 1533 1408 alia

116 1429 352 1477 „occasione
379 1429 427 1466 ad
459 1431 517 1467 'l'e
542 1429 716 1477 mittam,
745 1428 943 1465 scribendi
974 1439 1067 1466 vero
1097 1429 1269 1465 officium
1300 1438 1375 1465 non
1407 1427 1531 1475 patiar

116 1485 292 1534 „diutius
328 1496 352 1522 a
380 1487 438 1522 Te
467 1485 624 1532 requiri.
682 1485 792 1530 Quod
821 1484 965 1522 scribis
994 1486 1052 1522 'l'e
1079 1484 1282 1533 ingenium
1312 1488 1351 1521 et
1380 1480 1628 1521 doctri-,179

116 1552 233 1591 „nam
272 1541 321 1577 ad
357 1552 422 1578 res
459 1540 719 1578 Pomeraniae
761 1541 1013 1578 illustrandas
1044 1541 1270 1587 contulisse,
1301 1541 1434 1578 dicere
1463 1540 1533 1577 vix

118 1607 304 1650 „possum
314 1625 330 1647 ,
370 1608 484 1644 quam
525 1602 682 1645 gratum
713 1597 751 1634 id
783 1597 874 1634 mihi
904 1597 1105 1635 acciderit.
1165 1597 1310 1633 Adhuc
1339 1597 1407 1633 ille
1435 1605 1534 1643 ager

117 1653 318 1701 „incultus
346 1654 465 1692 iacet.
525 1654 613 1691 Nec
642 1653 848 1700 quiequam
884 1653 923 1689 in
954 1653 1029 1689 hoe
1058 1662 1207 1701 genere
1237 1652 1390 1690 erudite
1427 1652 1533 1689 scri-

203 1880 208 1883 *
245 1840 317 1873 rot
328 1841 515 1883 tantisque
527 1841 724 1873 doctrinae
737 1840 874 1873 divitiis
889 1841 1057 1882 onustus,
1070 1841 1107 1872 in
1121 1840 1290 1882 Belyium
1303 1840 1431 1873 rediit,-
1445 1840 1533 1874 dum

165 1885 310 1919 interea
333 1886 510 1927 mayister
532 1887 608 1919 eius
632 1886 669 1917 et
692 1885 791 1918 alter
812 1894 950 1926 parens
980 1886 1290 1926 Hemsterhusius‚
1312 1886 1424 1927 probe
1446 1895 1533 1927 per-

163 1931 289 1973 specta
312 1932 426 1973 ipsius
447 1932 696 1972 praestantia,
721 1939 745 1961 a
772 1929 1018 1962 Curatoribus
1042 1930 1264 1962 Academiae
1285 1932 1463 1971 perpetuo
1487 1938 1534 1961 ac

163 1977 242 2008 sine
265 1976 346 2008 ulla
369 1976 639 2008 intermissione
661 1975 834 2015 petierat,
858 1975 902 2005 ut
924 1974 1002 2014 sibi,
1027 1975 1171 2015 lonyius
1194 1974 1320 2006 aetate
1341 1975 1534 2015 provecto,

163 2020 405 2053 Ruhnkenius
428 2022 467 2051 in
489 2019 646 2051 docendi
669 2027 818 2050 munere
840 2018 1101 2060 adiunqretur.
1150 2019 1212 2051 Sic
1233 2017 1380 2059 factum
1404 2019 1470 2059 est,
1492 2021 1536 2052 ut

164 2066 364 2097 crearetur
383 2063 581 2106 Professor
604 2063 952 2104 eoetraordinarius,
998 2064 1074 2095 sive
1095 2063 1217 2104 potius
1240 2063 1379 2096 Lector
1402 2065 1536 2097 docen-

162 2109 224 2141 dis
255 2108 415 2141 Graecis
437 2109 588 2141 lateris.

257 2163 378 2196 Porro
409 2172 478 2204 per
501 2164 668 2205 quatuor
700 2171 886 2196 annorum
906 2163 1080 2203 spatium,
1104 2164 1192 2204 pari
1216 2164 1250 2195 et
1273 2172 1344 2195 sua
1364 2163 1476 2195 laude
1499 2164 1536 2195 et

165 2208 358 2241 studiosae
381 2208 586 2240 iuventutis
610 2207 861 2247 emolumento,
887 2207 956 2239 hac
978 2207 1138 2239 statione
1163 2215 1276 2248 quam
1287 2205 1373 2248 fieri
1381 2208 1534 2248 poterat

162 2253 306 2295 functo,
328 2254 413 2294 post
434 2253 570 2285 obitum
592 2253 778 2284 aneisci
802 2252 1056 2291 &mendox-pii,
1067 2251 1191 2283 delata
1206 2254 1262 2284 est
1276 2252 1311 2283 ei
1330 2252 1534 2284 ordinaria

165 2298 423 2330 Historiarum
454 2299 491 2330 et
515 2297 754 2339 Eloquentiae
782 2295 994 2337 Professi05
1025 2297 1137 2337 atque
1172 2305 1208 2328 a.
1235 2300 1332 2328 1774.
1369 2296 1532 2338 Praefe-

165 2344 278 2376 ctura
299 2342 549 2375 Bibliothecae
573 2342 748 2374 Publicae
771 2340 1161 2381 Luqduno-Batavae.

256 2398 453 2430 Latissime
475 2399 688 2439 pervayata
712 2394 929 2428 Ruhnken&
950 2395 1057 2436 fama
1080 2398 1203 2429 motus
1230 2395 1404 2438 Ampliss.
1429 2397 1535 2428 Mun-

167 2443 312 2475 chusius
324 2464 338 2484 ,
379 2450 463 2474 eum
495 2444 533 2474 in
557 2441 710 2474 Gesneri
746 2441 863 2473 locum
896 2440 1131 2482 Goettinyam
1163 2442 1353 2474 evocavit.-
1391 2441 1466 2482 ipse
1488 2440 1535 2474 ab

167 2487 369 2520 Academia
380 2486 556 2519 Leidensi
572 2485 817 2527 relinquenda
829 2493 943 2526 quam
957 2487 1119 2519 mamime
1132 2487 1286 2525 alienus,
1299 2486 1393 2517 satis
1407 2484 1535 2518 habuit

171 2531 416 2566 (juratoribus
439 2532 697 2564 commendare
721 2530 998 2563 celeberrimum
1019 2532 1226 2572 neynium3
1251 2531 1310 2563 cui
1332 2531 1423 2563 haec
1444 2539 1533 2572 pro-

168 2578 294 2610 vincia
318 2578 572 2618 prosperrimo
596 2583 770 2608 successu
794 2575 1020 2607 demandata
1045 2577 1110 2608 est.

258 2632 300 2664 A.
328 2636 424 2664 1763.
448 2632 724 2664 matrimonium
749 2630 836 2662 iniit
850 2638 933 2662 eum
950 2633 1174 2663 mercatoris
1189 2631 1535 2663 Amsteloclamensis

168 2674 259 2716 filia,
297 2678 410 2710 Maria
445 2678 672 2712 Heiermann,
692 2677 716 2710 ')
768 2676 865 2716 quod
908 2677 1116 2714 coniuyium
1155 2676 1295 2708 duabus
1331 2676 1534 2708 carissimis

168 2718 339 2762 filiabus,
363 2722 567 2753 Elisabetha
591 2722 626 2753 et
648 2722 778 2762 Maria,
802 2720 947 2752 beatum
970 2719 1087 2752 voluit
1106 2721 1203 2753 Deus
1220 2720 1262 2752 0.
1281 2720 1333 2752 M.
1357 2721 1528 2753 BERGM.

120 2786 146 2814 ⁶)
167 2784 399 2813 Mariamne
420 2786 642 2814 Heirmans
663 2784 746 2817 amul
760 2783 991 2817 wyttenbacn.
1016 2785 1140 2819 paged.
1160 2784 1285 2819 punt).
1299 2793 1347 2819 sq·
1366 2785 1426 2814 ΕΠ,
