1833 3237
667 217 970 258 -109-

112 330 419 369 Nassavicarum
449 333 532 366 erat
563 330 743 377 partium.
801 329 1063 377 Adolescens,
1094 330 1300 366 Professor
1313 330 1521 368 Amstelo-

112 387 324 430 flamensis,
362 386 597 432 optimatum
628 390 774 422 sectam
806 386 1058 431 probaverat3
1090 390 1129 421 et
1159 387 1250 431 quia
1279 387 1317 422 is
1340 393 1434 423 tunc
1464 388 1522 423 rei
1539 386 1618 421 181

111 443 290 490 publicae
311 446 451 489 status,
495 447 531 478 et
562 441 652 488 quia
681 442 748 477 illa
779 441 921 477 civitas
951 451 1105 487 semper
1136 442 1251 477 huius
1282 447 1415 478 sectae
1446 453 1522 488 pa-

111 503 224 536 trona
253 502 350 535 erat.
411 499 489 535 Sed
520 498 665 542 incidit,
696 507 794 543 quac
834 507 921 532 eum
950 498 997 532 ab
1028 501 1193 542 utraque
1222 499 1262 534 in
1294 503 1521 544 perpetuum

110 554 374 599 abalienaret,
405 555 578 590 offensio.
645 554 862 600 Flagrabat
900 553 1029 588 adhuc
1061 554 1198 588 bellum
1231 555 1278 589 de
1309 555 1524 600 Hispanica

112 611 370 647 successione
399 610 590 645 adversus
621 609 770 652 Gallos.
828 608 1007 653 Epistola
1028 609 1275 654 intercipitur
1301 611 1339 645 in
1358 610 1524 646 Galliam

113 667 217 711 data,
253 665 387 701 nescio
424 665 514 711 quid
553 665 729 711 suspecti
760 667 801 701 et
829 665 1127 700 adversus-rem
1152 666 1346 710 publicam
1377 666 1524 701 habere

115 723 216 768 visa,
248 726 287 758 et
317 720 560 766 scriptorem,
585 724 766 766 quantum
798 731 849 756 ex
879 721 1030 756 nomine
1060 723 1286 767 apparebat,
1317 724 1525 757 Hemster-

115 778 281 814 husium.
322 779 500 813 Vocatur
529 778 575 812 ad
606 777 769 813 iudices.
806 777 949 812 Venit:
981 777 1165 812 continuo
1197 777 1393 823 excipitur
1424 788 1524 813 con-

113 834 218 870 vicio
261 837 300 869 et
342 834 463 880 longa
501 833 826 879 reprehensione,
872 833 986 868 minis
1025 833 1140 868 etiam
1183 843 1417 879 poenarum,
1458 833 1525 879 qui

114 892 262 925 tantum
294 888 451 923 facinus
481 898 602 923 ausus
634 891 751 923 esset.
811 888 943 922 Finita
972 889 1158 933 oratione,
1191 889 1254 924 hic
1283 890 1457 924 breviter
1487 892 1525 924 et

111 943 287 990 placide:
316 942 372 980 At
399 944 514 989 prius
543 952 665 989 quam
694 943 1020 989 reprehenderer,
1051 945 1214 980 debebat
1241 949 1436 986 constare,
1463 954 1526 980 me

111 1010 196 1036 esse
223 1001 456 1046 scriptorem
485 1000 699 1045 epIstolae:
730 1000 826 1035 cedo
855 1000 1077 1044 epistolam.
1118 1001 1241 1034 Datur
1259 1000 1295 1034 ei
1316 1001 1353 1034 in
1375 1010 1525 1034 manus:

111 1056 291 1101 inspicit:
322 1055 377 1091 Ec
402 1064 510 1100 vero,
528 1055 671 1102 inquit,
687 1065 760 1091 nec
788 1065 932 1090 manus
959 1056 1058 1090 llaec
1086 1064 1174 1090 mea
1203 1059 1271 1100 est,
1290 1065 1364 1092 nec
1382 1065 1525 1090 nomen

111 1112 186 1151 hoc
214 1121 358 1147 meum.
417 1112 476 1146 Ita
503 1114 605 1146 erat:
634 1110 762 1146 simile
792 1111 993 1155 quoddam,
1023 1110 1093 1146 sed
1123 1111 1228 1146 aliud
1246 1112 1425 1146 exstabat
1448 1121 1523 1146 no-

114 1177 214 1203 men.
270 1167 594 1203 Hemsterhusius
626 1166 793 1211 aliquam
825 1167 1089 1202 excusationis
1123 1167 1343 1202 comitatem
1378 1176 1524 1212 exspe-

115 1223 257 1258 ctabat.
313 1222 387 1257 Isti
417 1232 466 1257 ne
496 1224 656 1258 verbum
688 1222 855 1267 quidem,
895 1223 984 1267 nisi,
1014 1223 1129 1258 ilicet.
1187 1223 1282 1257 Abit
1311 1222 1525 1269 indignans

112 1278 360 1325 imperiosam
392 1278 632 1323 superbiam:
667 1287 766 1322 quae
797 1278 888 1312 inde
918 1279 954 1313 ei
985 1280 1172 1323 perpetuo
1193 1278 1296 1313 sedit
1317 1278 1394 1312 alta
1412 1288 1525 1313 men-

113 1337 153 1370 tc
190 1336 358 1380 reposta.
381 1330 420 1380 *J
486 1335 629 1379 Itaque.
660 1334 799 1369 lubens
845 1334 1186 1378 Franequeranam
1232 1333 1306 1368 sibi
1358 1334 1526 1369 oblatam

113 1390 338 1427 cathedram
377 1389 551 1436 accepit:
600 1399 696 1436 prae
746 1399 821 1435 qua
868 1399 1067 1435 numquam
1118 1389 1526 1426 Amstelodamensem

111 1447 324 1483 relicturus
354 1447 496 1493 fuerat,
521 1446 599 1482 nisi
629 1445 766 1493 gravis
796 1446 957 1481 offensio
987 1446 1184 1482 subesset.
1216 1446 1349 1491 Frisii,
1368 1446 1408 1481 in
1434 1445 1527 1491 qui-

113 1503 187 1538 bus
218 1504 284 1538 est.
305 1502 569 1547 Franequera‚
600 1502 844 1538 Nassavicas
875 1504 1004 1547 partes
1035 1502 1266 1547 tuebantur3
1305 1502 1447 1548 quippe
1478 1511 1528 1536 ex

114 1558 189 1594 hac
217 1556 338 1605 gente
376 1567 469 1593 suos
507 1558 583 1593 sibi
622 1558 912 1594 Gubernatores
954 1557 1209 1594 retinuerant.
1282 1560 1346 1605 Et,
1386 1558 1420 1593 is
1462 1556 1527 1603 qui

114 1616 252 1659 postca
290 1613 410 1649 totius
449 1614 508 1649 rei
548 1613 727 1658 publicae
766 1614 842 1649 fuit
880 1614 1145 1658 Gubernator,
1177 1613 1411 1649 Guilielmus
1441 1614 1626 1658 1V.,182

114 1670 389 1715 Franequerae
417 1666 559 1706 studiis
597 1679 753 1714 operam
791 1670 901 1714 danS,
945 1668 1233 1704 Hernsterhusii
1270 1679 1421 1714 quoque
1460 1668 1526 1703 di-

116 1725 284 1770 sciplina
312 1725 516 1769 utebatur,
557 1735 734 1770 eumque,
771 1728 814 1760 ut
844 1725 967 1760 virum
1000 1734 1074 1760 non
1105 1724 1233 1759 minus
1264 1735 1408 1759 morum
1441 1724 1526 1759 ele-

115 1781 253 1829 gantia
282 1783 321 1815 et
350 1781 531 1816 comitate
560 1780 785 1826 iucundum,
816 1791 927 1825 quam
959 1790 1086 1815 rerum
1122 1790 1197 1815 usu
1229 1784 1267 1814 et
1296 1780 1405 1815 civili
1429 1790 1527 1824 pru-

115 1837 249 1872 dentia
285 1839 571 1881 praestantem,
612 1846 850 1883 magnopere
891 1836 1102 1882 diligebat3
1134 1839 1174 1870 et
1202 1836 1526 1874 Hemsterbusius

115 1892 377 1938 Guilielmum,
408 1896 450 1928 ut
479 1891 713 1936 discipulum
744 1892 841 1926 adeo
870 1892 933 1927 sui
961 1892 1191 1937 studiosum,
1215 1902 1263 1927 ac
1292 1894 1368 1927 tam
1399 1892 1527 1927 animo

115 1958 229 1995 quam
259 1948 380 1994 stirpe
409 1957 657 1995 generosum,
688 1948 941 1983 veliementer
970 1948 1145 1991 amabat3
1177 1951 1219 1982 ut
1246 1947 1286 1982 in
1318 1948 1381 1982 illa
1398 1957 1528 1983 rerum

115 2004 387 2049 conversione,
417 2013 491 2048 qua
518 2002 778 2038 hereditarius
799 2002 919 2037 totius
941 2003 998 2037 rei
1020 2002 1199 2048 publicae
1220 2004 1392 2038 Batavae
1414 2003 1526 2049 prin-

116 2061 271 2106 cipatus
303 2059 340 2094 ci
370 2060 524 2094 delatus
555 2060 627 2104 est,
658 2068 743 2094 eum
774 2061 812 2093 et
841 2068 959 2103 opera
990 2062 1027 2093 et
1059 2058 1223 2094 consilio
1253 2058 1416 2096 iuvaret.
1467 2060 1527 2094 Ita

117 2116 219 2152 enim
259 2114 471 2160 iudicabat,
512 2116 551 2149 ct
585 2113 644 2149 rei
684 2114 863 2159 publicae
903 2124 1001 2159 opus
1031 2125 1120 2149 esse
1151 2115 1431 2162 Gubernatore,
1462 2114 1527 2159 qui

116 2173 239 2207 totum
269 2171 355 2206 eius
385 2180 527 2216 corpus
557 2173 711 2205 curaret
740 2172 857 2215 atque
893 2170 942 2205 ad
973 2180 1205 2206 consensum
1236 2170 1445 2217 dirigeret,
1489 2172 1529 2205 et

118 2226 272 2263 civibus
312 2226 425 2271 quasi
463 2226 633 2262 Tribuno
674 2225 824 2274 plebis,
862 2225 926 2270 qui
955 2236 1024 2261 eos
1054 2226 1246 2261 adversus
1277 2225 1525 2270 patriciorum

117 2282 417 2318 dominationem
447 2292 495 2318 ac
525 2281 723 2317 libidinem
754 2284 939 2316 tueretur.
995 2282 1093 2317 Item
1123 2284 1161 2316 et
1191 2281 1452 2317 Ruhnkenius
1490 2285 1529 2317 et

118 2337 404 2375 Valckenarius
432 2337 671 2374 iudicabant.
730 2337 885 2384 Postea,
916 2346 1032 2382 quum
1054 2337 1197 2382 optima
1215 2337 1392 2373 instituta
1408 2347 1526 2383 prae-

117 2393 295 2440 sidiaque
325 2393 517 2430 libertatis
545 2404 569 2428 a
599 2393 753 2438 publico
783 2392 830 2427 ad
862 2392 1053 2438 privatum
1090 2393 1327 2429 commodum
1359 2393 1526 2440 traduci,

118 2453 159 2486 et
187 2450 289 2486 bello
318 2449 544 2485 Britannico
574 2448 736 2494 imperia
765 2457 812 2484 ac
841 2458 1054 2484 successus
1085 2449 1389 2495 praevaricando
1421 2449 1525 2485 eludi

119 2506 368 2550 viderentur3
407 2509 570 2551 uterque
611 2507 744 2551 partes
774 2504 1008 2550 Optimatum
1041 2506 1204 2550 probare
1234 2509 1455 2551 coeperunt,
1487 2510 1526 2540 ut

117 2562 222 2598 solas
251 2563 430 2598 vindices
459 2561 613 2610 gloriae
643 2571 688 2596 ac
709 2560 977 2606 prosperitatis
997 2562 1170 2597 Batavae
1185 2561 1377 2598 adversus
1397 2561 1526 2597 hosti-

117 2616 193 2653 lem
222 2617 416 2654 iniuriam.
483 2617 561 2654 Sed
602 2617 649 2652 de
681 2616 742 2652 his
782 2617 899 2652 rebus
930 2619 1100 2653 nostrum
1131 2620 1168 2653 et
1199 2617 1316 2653 huius
1344 2617 1422 2653 loci
1453 2621 1526 2663 est,

119 2682 196 2708 non
223 2672 412 2721 iudicare,
441 2673 524 2721 sed,
565 2673 655 2719 quid
694 2672 956 2709 Ruhnkenius
985 2672 1128 2718 aliique
1157 2673 1428 2721 iudicaverint,
1459 2683 1524 2709 re-

112 2792 140 2834 “)
160 2792 216 2825 Cf.
240 2802 347 2833 supra
371 2802 448 2835 pag.
475 2795 533 2825 92.
570 2794 623 2827 ed.
649 2801 699 2833 pr.
749 2794 821 2825 FB.
