1833 3237
855 209 1162 249 -2-

299 318 438 360 tenda
467 320 709 375 scriptione
738 317 845 357 item
870 316 1055 371 factum
1084 324 1171 371 est,
1201 324 1255 358 ut
1279 317 1330 357 in
1359 319 1457 358 eius
1484 319 1630 359 mitiis
1659 333 1714 360 ac

296 386 461 441 priore
490 392 631 440 parte
675 385 834 425 acrior
862 385 1109 441 impressus
1137 385 1198 424 sit
1223 383 1413 434 doloris,
1452 392 1599 438 utpote
1633 399 1716 426 re-

302 453 462 500 centis,
500 464 678 491 sensus.-
721 449 926 506 idemque
963 450 1112 491 lenior
1150 450 1360 505 deinceps
1388 453 1438 491 in
1459 465 1718 509 progressu

303 523 553 573 appareat,
595 524 641 557 et
665 523 864 573 tempore
903 524 948 557 et
972 517 1151 558 ratione
1186 517 1350 557 sensim
1378 517 1654 558 succedente.

421 582 557 632 Quod
581 583 647 624 ad
671 583 838 624 calcem
851 583 911 634 *j
949 581 1125 623 subieci
1142 583 1428 638 peculiarem
1445 586 1718 625 notationem

304 652 502 693 locorum
531 652 580 691 in
606 649 728 691 libro
749 651 963 690 universe
992 650 1368 706 szgnfficatmum,
1386 649 1497 704 feci
1519 665 1608 692 non
1626 658 1719 691 tam

304 731 405 757 mea
433 723 607 774 sponte,
646 730 778 772 quam
816 716 922 756 aliis
960 715 1250 756 monentibus.
1311 716 1473 771 Neque
1502 719 1623 757 enim
1650 714 1726 757 vel

305 785 357 824 in
384 786 586 839 ratione,
632 784 707 824 vel
730 784 781 822 in
828 780 1042 822 Veterum
1077 795 1227 836 more,
1266 783 1463 837 positum
1503 790 1589 835 est,
1627 783 1738 837 suis,

304 852 450 906 ipsum
478 850 663 904 scriptis
691 846 859 889 scholia
890 846 1080 901 addere,
1111 854 1154 887 et
1176 847 1471 903 appendicem
1499 855 1719 902 attexere,

302 930 418 971 quae
445 928 534 955 non
563 927 663 953 cum
682 915 778 969 ipso
816 914 1036 955 orationis
1064 915 1198 969 quasi
1215 915 1524 970 perpetuitate
1560 928 1614 954 ac
1629 913 1723 967 filo

304 988 513 1023 contexta
542 982 612 1021 sit.
675 979 774 1022 Sed
805 981 1025 1021 nimirum
1062 979 1263 1020 dandum
1289 979 1371 1021 hoc
1391 979 1501 1032 fuit
1529 979 1722 1034 saeculo,

306 1056 352 1089 et
376 1046 695 1089 consulendum
723 1047 976 1103 legentium
1003 1046 1350 1102 intelligentiae.

423 1112 687 1167 Caeterum,
719 1114 764 1152 si
782 1111 938 1166 sorte,
976 1112 1297 1153 nonnullorum
1326 1112 1522 1164 iudicio,
1562 1119 1647 1152 aut
1674 1113 1726 1153 in

307 1194 470 1222 rerum
498 1176 695 1235 delectu>
720 1186 804 1219 aut
826 1181 878 1220 in
905 1180 1085 1219 ratione
1109 1185 1154 1219 et
1173 1181 1399 1233 oratione,
1431 1179 1584 1236 lapsus
1602 1193 1723 1219 mm.-

309 1247 362 1291 ln·
385 1249 555 1300 sciant,
592 1259 662 1286 me
690 1247 740 1286 in
769 1253 861 1287 tota
889 1245 976 1286 fiac
1004 1247 1250 1303 scriptione
1279 1249 1418 1290 unice
1450 1253 1491 1286 ec
1512 1247 1726 1300 pietatem

313 1329 433 1373 erga
469 1311 799 1356 Ruhnkem'um
811 1345 822 1368 7
876 1320 922 1353 et
967 1315 1064 1354 eius
1104 1314 1306 1370 exempli
1337 1314 1403 1354 ad
1433 1312 1729 1355 humanitatis

311 1382 672 1437 Literarumque
695 1380 911 1422 studiosos
924 1380 1161 1433 fructum,
1191 1388 1436 1437 spectasse.-
1468 1383 1549 1421 cui
1563 1393 1728 1437 propo-

311 1451 394 1491 sito
422 1450 467 1490 si
490 1448 673 1504 quidem
694 1446 985 1502 satisfecero,
1025 1463 1115 1490 non
1143 1461 1319 1500 recuso,
1349 1449 1458 1503 quin
1485 1445 1602 1488 milii
1621 1455 1728 1489 tan-

310 1525 405 1558 imn
434 1516 490 1556 de
517 1516 703 1572 ingenii
726 1516 1060 1556 existimatione
1098 1513 1392 1572 detrahatur,
1426 1521 1640 1571 quantum
1668 1512 1734 1555 ad

306 1584 495 1638 pietatis
524 1580 707 1622 laudem
738 1584 993 1623 accesserit.

430 1647 616 1704 Scripsi
645 1647 1156 1705 Lugdunibatavorum,
1194 1662 1343 1689 mense
1387 1645 1598 1701 octobre,
1642 1661 1732 1688 an-

314 1729 371 1757 no
400 1712 672 1756 MDCCIO.

316 1862 357 1904 ἐι)
371 1862 444 1893 Nos
462 1868 555 1892 nunc
574 1867 654 1891 cum
671 1859 805 1890 maiore
822 1860 1018 1900 legentium
1036 1859 1222 1891 commodo
1237 1861 1273 1890 in
1294 1861 1362 1891 ima
1383 1860 1513 1900 pagina
1527 1866 1594 1890 suo
1608 1865 1735 1899 quam-

361 1925 427 1958 que
445 1917 525 1948 loco
541 1915 807 1947 adnotationem
834 1915 1099 1946 collocavimus.
1133 1916 1328 1946 Praeterea
1348 1923 1453 1955 quum
1478 1914 1635 1946 studiose
1654 1913 1735 1944 dili-

361 1974 556 2013 genterque
589 1971 810 2009 curavimus,
847 1974 883 2000 ut
921 1973 1057 2008 omnia,
1093 1972 1187 2001 sicut
1225 1960 1302 2010 ipse
1338 1970 1485 2001 dederat
1514 1967 1736 2008 wyttenba-
1778 2008 1781 2011 Ι

362 2029 480 2065 chius,
515 2028 569 2063 (in
598 2026 852 2065 orthographia
875 2027 980 2057 etiam
1008 2029 1043 2057 et
1072 2027 1377 2064 interpunctione,
1402 2025 1622 2065 quantumvis
1646 2024 1735 2055 haud

363 2090 446 2115 raro
467 2082 509 2114 ab
531 2082 654 2112 nostra
677 2082 816 2111 ratione
836 2081 980 2110 muitum
1006 2080 1317 2119 discrepantibus,)
1341 2088 1443 2120 quam
1467 2080 1736 2111 accuratissime

365 2139 461 2177 typis
495 2136 800 2174 describerentur,
841 2138 912 2165 tum
946 2137 1095 2166 maxime
1124 2135 1265 2165 iliorum
1290 2136 1408 2167 habita
1432 2137 1524 2167 ratio
1550 2139 1615 2174 cst,
1646 2142 1735 2176 quae

365 2191 668 2231 VVyttenbachius
694 2191 855 2222 Biblioth.
881 2190 967 2221 Crit.
993 2191 1087 2221 Part.
1106 2190 1186 2222 ΧΙΙ.
1214 2190 1314 2226 (vol.
1332 2189 1390 2220 m.
1414 2189 1537 2229 P.1V.)
1557 2188 1736 2229 p.112.sq.

365 2248 423 2279 vel
449 2246 531 2278 addi
562 2248 717 2278 iusserat
745 2247 805 2276 vel
836 2247 984 2285 corrigi.
1031 2246 1106 2282 Quo
1135 2247 1247 2285 magis
1275 2246 1429 2277 futurum
1465 2252 1667 2284 speramus,
1699 2247 1739 2276 ut

366 2310 458 2335 nova
483 2304 570 2334 hacc
601 2304 637 2332 in
673 2301 868 2333 Germania
898 2302 1006 2333 editio
1032 2302 1138 2331 tantis
1161 2303 1269 2342 viris,
1296 2302 1416 2342 quanti
1447 2301 1591 2332 fuerunt
1613 2300 1738 2331 Ruhn-

368 2358 494 2390 kenius
519 2361 554 2389 et
587 2357 905 2396 wyttenbachius,
931 2355 1040 2395 digna
1063 2363 1143 2386 esse
1173 2358 1275 2396 atque
1295 2363 1477 2397 yermana
1502 2355 1691 2386 iudicetur.

1473 2413 1692 2445 Fnorscmtn.
