1833 3237
876 175 1150 214 -68-

298 295 397 332 miae
426 296 549 330 stator
579 294 617 327 et
646 289 767 336 altor,
808 289 1019 325 verissimo
1057 289 1261 326 Curatoris
1293 294 1333 326 et
1368 290 1617 329 Maecenatis
1646 302 1719 328 co·-

298 349 484 399 gnomine
514 348 560 383 ad
592 344 860 391 posteritatem
891 346 1197 393 commendatus,
1227 345 1493 384 Munchusius
1523 348 1718 385 obtulerat

301 409 491 450 Ernesto,
531 402 596 447 qui
627 411 711 437 eam
743 412 953 448 recusans,
994 405 1158 449 rogatus
1190 412 1350 447 ecquem
1382 403 1500 440 alium
1542 404 1719 440 doctrina

302 463 446 498 clarum
477 469 524 493 ac
555 458 717 504 dignum
748 458 925 494 Gesnero
955 468 1226 493 successorem
1258 461 1406 503 nosset,
1436 460 1716 496 Ruhnkenium

301 516 418 560 dixit,
450 513 519 550 sed
551 523 637 549 eum
669 514 724 549 ita
753 514 800 548 ad
833 515 1021 549 Batavam
1053 514 1261 549 stationem
1293 513 1546 561 adstrictum,
1575 516 1644 551 vix
1674 517 1717 550 ut

300 572 391 607 inde
421 569 563 605 deduci
593 579 709 614 posse
739 569 959 614 videretur3
1003 569 1146 615 quippe
1177 569 1242 615 qui
1278 569 1354 605 iam
1393 573 1509 606 antea
1538 571 1716 615 privatus

299 630 454 662 exteras
485 625 730 662 conditiones
759 628 996 660 recusasset.
1055 625 1344 674 Munchusius,
1376 627 1442 671 qui
1472 636 1546 662 nec
1575 627 1718 661 sumti·

297 684 368 717 bus
399 692 472 718 nee
500 681 623 717 labori
653 684 853 726 parceret,
894 681 1098 716 dummodo
1139 681 1414 716 celeberrimos
1456 692 1632 727 quosque
1670 691 1718 717 ac

299 738 546 774 doctissimos
577 737 748 781 undique
780 738 1031 772 Professores
1063 736 1314 784 Goettingam
1353 741 1558 784 evocaret,
1599 736 1720 773 mittit

300 794 366 839 qui
409 794 447 829 ei
485 792 708 828 cathedram
748 791 949 827 luculento
980 792 1119 837 quovis
1157 802 1244 827 cum
1285 792 1430 828 salario
1461 795 1638 839 offerret,
1679 795 1719 828 et

203 853 283 888 113
300 849 482 895 accipere
511 847 779 894 persuaderet.
837 847 1110 892 Ruhnkenffls,
1142 848 1209 892 qui
1238 852 1394 894 propter
1433 858 1501 884 eas
1540 858 1718 894 caussas,

300 916 397 951 quas
441 915 560 950 supra
603 902 920 948 memoravimus,
972 903 1074 948 apud
1114 904 1285 938 Batavos
1333 904 1452 939 vitam
1493 904 1717 951 transigere

300 960 597 1003 constituisset,
637 959 847 1004 respondet
887 959 927 993 in
959 959 1167 994 Germania
1206 959 1360 995 doctum
1405 970 1494 996 esse
1525 960 1715 995 hominem

300 1016 541 1064 dignumque
572 1015 637 1060 qui
667 1016 842 1050 Gesnero
872 1015 1082 1060 succedat,
1113 1015 1330 1060 Heynium,
1371 1015 1475 1050 hunc
1503 1015 1717 1051 invitarent

300 1074 340 1107 et
387 1071 426 1106 in
485 1080 612 1106 vacua
665 1069 869 1115 provincia
919 1067 1218 1116 collocarent.*)
1306 1071 1445 1114 Itaque
1486 1070 1714 1106 Ruhnkenii

299 1126 633 1163 commendatione
673 1126 818 1161 factum
856 1128 936 1169 est,
975 1128 1015 1161 ut
1045 1125 1225 1170 Heynius
1256 1125 1507 1172 Goettingam
1547 1135 1717 1162 vocare-

299 1186 381 1229 tur,
424 1185 464 1218 et
494 1192 540 1218 eo
578 1181 618 1217 in
648 1182 733 1217 loco
764 1184 973 1227 poneretur
1011 1181 1077 1217 ubi
1118 1181 1321 1226 plurimum
1362 1182 1489 1226 ipsius
1528 1185 1567 1217 et
1596 1181 1718 1229 inge-

298 1239 403 1274 nium
433 1238 471 1273 in
492 1237 637 1274 biteris
668 1247 712 1272 se
742 1238 947 1283 proferret,
979 1239 1017 1272 et
1040 1237 1249 1283 disciplina
1269 1237 1317 1272 ad
1339 1235 1559 1273 Literarum
1581 1239 1716 1273 ssorem

297 1294 657 1339 incrementumqne
695 1293 855 1329 valeret.
915 1293 1014 1329 Eius
1049 1292 1264 1329 doctrinam
1307 1303 1328 1329 e
1371 1294 1521 1329 duobus
1561 1294 1609 1329 ab
1647 1293 1716 1329 illo

299 1350 416 1386 editis
448 1350 582 1394 libris,
610 1349 764 1385 Tibullo
796 1352 834 1384 et
864 1349 1038 1395 Epicteti
1061 1349 1312 1396 Enchiridio,
1343 1349 1539 1397 cognitam
1571 1349 1719 1395 proba-

299 1409 436 1443 verant
466 1405 790 1442 Hemsterhusius
820 1407 857 1441 et
888 1405 1167 1450 Ruhnkenius,
1197 1405 1247 1441 dc
1277 1416 1400 1451 eaque
1430 1409 1469 1441 et
1499 1405 1720 1457 praeclare,

297 1466 357 1510 et,
387 1466 429 1498 ut
459 1465 624 1498 eventus
660 1461 813 1507 docuit,
843 1471 936 1496 vere
958 1461 1263 1508 augurabantur.
1322 1463 1528 1497 Caeterum
1550 1462 1715 1497 Curato-

299 1528 362 1553 res
402 1517 751 1565 Lugdunobatavi‚
794 1520 837 1552 ut
877 1520 1025 1552 tantum
1065 1517 1293 1553 Ruhnkenii
1333 1526 1431 1564 erga
1461 1516 1717 1553 Academiam

297 1584 408 1609 suam
436 1584 606 1608 amorem
636 1573 884 1618 studiumque
913 1577 1275 1620 remunerarentur,
1305 1573 1492 1608 salarium
1522 1573 1609 1608 eius
1638 1582 1713 1608 an-

301 1630 388 1665 nuis
419 1629 676 1664 sexcentenis
707 1628 863 1664 florenis
894 1632 1099 1665 auxerunt.

412 1685 617 1720 Proximus
658 1695 783 1719 annus
824 1683 996 1731 (1762.)
1036 1685 1239 1720 luctuosus
1269 1684 1305 1720 ci
1349 1684 1423 1720 fuit
1460 1684 1567 1720 obitu
1596 1684 1717 1719 Ioan-

302 1740 362 1776 nis
386 1740 580 1784 Albertii,
610 1740 867 1775 amantissimi
895 1739 1086 1787 hominis,
1119 1741 1184 1784 qui
1213 1740 1339 1785 ipsum
1360 1750 1497 1776 recens
1527 1739 1717 1775 advenam

301 1795 497 1842 singulari
535 1794 821 1840 benivolentia,
871 1805 959 1829 mox
999 1795 1114 1829 etiam
1154 1795 1441 1841 familiaritate,
1491 1796 1717 1840 complexus

302 1855 407 1897 erat,
448 1850 533 1886 eius
571 1850 787 1886 rationibus
828 1850 1056 1897 consulere,
1097 1850 1133 1885 ei
1175 1851 1386 1886 illustrium
1426 1851 1718 1896 potentiamque

300 1907 469 1942 virorum
502 1907 673 1941 favorem
707 1906 940 1952 conciliare,
973 1915 1049 1941 non
1079 1906 1304 1952 destiterat,
1344 1907 1430 1942 eius
1461 1916 1574 1952 porro
1605 1907 1715 1942 assi-

300 1962 376 1998 dua
406 1972 522 2008 opera
559 1962 599 1997 in
630 1961 852 1996 adornando
884 1961 1082 2006 Hesychio
1113 1963 1313 2007 utebatur,
1354 1963 1596 2007 alterumque
1625 1962 1717 1998 edi-

299 2019 416 2054 tionis
456 2018 635 2054 volumen
672 2017 896 2052 inchoatum
939 2018 977 2052 ei
1007 2017 1177 2053 moriens
1208 2017 1485 2063 perficiendum
1516 2017 1718 2063 relinque-

303 2075 378 2110 bat.
437 2076 533 2110 Erat
564 2073 628 2109 hic
657 2073 756 2108 alter
785 2083 834 2108 ex
855 2073 1080 2108 Ruhnkenii
1105 2073 1262 2121 amicis,
1293 2077 1332 2109 et
1351 2074 1507 2110 omnino
1539 2084 1560 2109 e
1591 2074 1718 2110 doctis

301 2236 330 2274 ⁴)
356 2238 514 2277 Epistola
551 2237 755 2268 Ruhnkenii
795 2237 837 2268 ad
870 2238 1060 2275 Iungam,
1109 2239 1194 2276 [per
1228 2245 1328 2278 quem
1361 2246 1440 2268 eum
1482 2239 1558 2277 ipso
1588 2242 1717 2278 egerat

346 2283 606 2320 Muucnusius,]
636 2283 744 2322 Lugd.
770 2283 891 2313 Batav.
925 2290 957 2312 a.
983 2282 1015 2312 d.
1044 2282 1096 2313 18.
1124 2283 1270 2313 Octobr.
1301 2282 1398 2313 1762.
1447 2283 1521 2313 Sed
1554 2284 1640 2323 quid
1663 2285 1718 2315 est

347 2326 447 2364 quod
479 2328 589 2357 extra
621 2328 791 2366 patrium
821 2328 1029 2367 quaeram,
1069 2328 1171 2358 cuius
1199 2327 1335 2367 patria
1366 2328 1505 2367 copiam
1540 2327 1716 2366 praebet?

351 2370 426 2401 Cur
459 2379 529 2401 non
557 2370 715 2401 Gesner-o
739 2379 993 2401 successorem
1028 2371 1128 2402 (latis
1155 2372 1483 2402 Cnnrsrmxrm
1509 2371 1714 2406 Gor'rLOB

349 2415 588 2450 Hermen,
630 2415 848 2447 Erum-tinae
883 2417 1096 2456 disciplinae
1127 2417 1337 2456 alumnum,
1367 2417 1559 2448 eoecellenti
1593 2418 1715 2448 virum

347 2461 504 2498 inqenz'o,
529 2461 602 2500 qni,
625 2462 763 2501 qimnta
780 2461 1001 2492 Latinarum
1020 2461 1241 2492 litterarum
1261 2461 1461 2500 praeditus
1483 2460 1534 2491 sit
1556 2461 1715 2493 scientia

347 2504 442 2535 edito
475 2503 635 2540 Tibullo,
665 2507 806 2545 quanta,
833 2505 1064 2537 Graecarum
1100 2506 1193 2536 edito
1227 2506 1398 2547 Epicteto
1429 2505 1596 2546 ostendit.
1645 2505 1717 2537 Hic

349 2558 426 2580 mea
450 2551 484 2580 et
509 2549 782 2580 Hemsterhu-sii
805 2551 870 2580 τοῦ
893 2550 986 2582 παίιυ
1009 2551 1188 2582 sententia
1212 2561 1306 2582 unus
1330 2552 1399 2592 est,
1425 2551 1486 2590 qui
1509 2549 1717 2590 iacturam,

348 2602 454 2634 quam
493 2594 643 2625 Gesnerz'
676 2595 793 2625 morte
826 2595 974 2634 themis,
1008 2595 1197 2626 resarcire
1227 2597 1370 2635 poterit.
1427 2593 1504 2625 Nec·
1536 2595 1590 2626 est
1621 2596 1716 2635 quod

348 2639 426 2677 quir
451 2637 566 2677 (licat,
595 2639 722 2677 nestun*
745 2639 885 2679 samam
905 2640 1061 2670 nondum
1087 2641 1178 2669 sutis
1200 2639 1386 2670 illustrem
1414 2639 1449 2669 et
1472 2641 1715 2678 pert-amdam

349 2691 434 2712 esse.
488 2682 622 2723 Tanta,
649 2682 734 2713 mihi
759 2684 876 2718 creda
902 2686 936 2715 in
963 2686 1027 2715 hoc
1044 2685 1128 2714 viro
1146 2685 1288 2722 inqenii
1305 2686 1338 2715 et
1354 2684 1544 2715 doctrinae
1565 2684 1715 2715 ubertas

349 2727 412 2764 est,
436 2726 478 2757 ut
503 2725 603 2757 brevi.
635 2729 754 2758 onmis
778 2729 917 2759 cultior
945 2730 1099 2767 Europa
1137 2731 1213 2760 eius
1238 2729 1367 2760 laudes
1392 2728 1628 2759 celebratura*
1651 2729 1714 2759 sit.

351 2770 405 2800 Cf.
426 2776 610 2810 praetere*⁴
627 2774 697 2801 vita
717 2773 847 2812 Heynii
863 2774 907 2804 ab
926 2775 1099 2804 Hecrenio
1113 2776 1246 2812 scripta
1267 2784 1295 2814 p.
1319 2774 1374 2804 74.
1425 2773 1713 2804 LlNDEMANN.
