1816 3233
823 236 878 266 ÷-
935 211 1129 255 220-

338 330 430 361 alter
455 330 532 360 erat
555 335 599 359 ex
623 326 827 359 Ruhnkenii
850 328 994 368 annom,
1030 328 1073 360 de
1098 328 1221 368 quibus
1246 329 1328 369 quid
1355 330 1589 371 iudicaverit,
1624 338 1682 363 re-

337 376 451 406 fertur
483 372 558 404 114.
583 380 658 412 sqq.
699 379 732 403 a.
760 371 860 403 1763.
892 375 1154 405 matrimonium
1186 375 1252 405 init
1284 374 1363 406 119.
1385 383 1460 416 sqq.
1498 385 1519 407 e
1549 376 1684 408 Latinis

338 418 570 457 scriptoribus
605 418 671 447 sibi
707 418 907 449 tractandos
944 419 1166 458 edendosque
1201 420 1307 451 sumit
1341 420 1507 452 Rutilium
1538 421 1683 460 Lupum,

339 463 510 494 Velleium
536 462 761 493 patei-cuium
792 465 827 493 et
851 463 959 494 Corn.
984 464 1155 502 Nepotem
1178 462 1256 494 125.
1280 471 1356 504 sqq.
1391 472 1484 496 casu<
1500 466 1623 497 incidit
1645 467 1684 499 in

338 509 478 546 insigne
510 508 743 546 fragmentum
770 508 922 548 Longini
948 507 1022 538 127.
1047 515 1098 547 sq.
1139 509 1291 546 alterum
1317 509 1479 541 volumen
1502 509 1684 552 Hesychii,

336 552 378 583 ab
404 553 563 582 Albertio
589 553 807 590 inchoatum,
844 553 997 584 absolvit
1021 553 1160 592 editque
1186 553 1261 584 128.
1286 560 1360 593 sqq.
1397 562 1429 584 a.
1455 554 1555 585 1766.
1581 549 1682 589 mor-

337 599 396 627 tuo
422 597 687 628 Hemsterhusio
710 605 842 628 novum
868 597 1039 638 collegam
1066 599 1281 629 nanciscitur
1303 598 1582 631 Valckenarium
1605 597 1683 634 131.

334 648 410 682 sqq.
445 642 605 680 proximo
628 649 719 672 anno
744 640 844 672 1767.
879 643 1019 674 functus
1050 651 1194 674 munere
1219 644 1385 674 Rectoris
1410 643 1608 684 Magnifici·,
1639 651 1685 676 eo

335 694 377 717 se
402 686 538 717 abdicat
563 695 613 725 sq.
639 695 670 717 a.
698 685 796 717 1768.
825 688 938 718 habita
963 689 1144 726 oratione,
1179 690 1235 719 cui
1267 693 1515 725 argumentum
1546 689 1686 721 fecerat

334 730 639 762 Hemsterhusium
670 729 750 762 141.
787 730 956 771 Eloyium
989 733 1247 763 Hemsterhusii
1277 731 1363 763 ibid.
1397 733 1430 763 et
1463 741 1515 773 sq.
1559 734 1684 765 eodem

335 784 428 807 anno
453 775 560 807 edidit
584 775 762 806 Rutilium
785 775 930 815 Lupum
961 777 1004 807 de
1028 777 1152 817 figuris
1177 779 1432 809 sententiarum
1468 784 1545 809 cum
1568 775 1685 818 Aqui-

335 821 393 851 lae
422 819 578 851 Romani
613 824 647 851 et
677 820 745 850 Iul.
777 819 965 860 Rufiniani
1001 821 1044 852 de
1079 822 1201 853 eodem
1237 826 1446 862 argumento
1485 823 1612 854 libellis
1650 824 1686 853 et

336 865 502 896 Historia
529 863 669 896 Critica
691 864 881 896 oratorum
898 865 1138 908 Graecorum,
1162 867 1263 897 cuius
1288 868 1475 898 consilium
1498 870 1536 899 et
1557 875 1685 900 caussa

337 911 538 950 explicatur
564 910 637 942 142.
662 918 736 951 sqq.
773 919 795 942 a
819 911 1098 951 VVyttenbachio
1128 913 1261 950 accipit
1284 913 1476 952 Epistulam
1502 912 1684 952 Criticam,

336 957 433 995 isque
457 964 488 986 a.
520 954 614 986 1770.
642 956 846 993 Lug-dunum
874 958 971 988 venit
1002 960 1037 987 et
1067 965 1147 988 mox
1177 958 1298 989 intima
1329 958 1572 989 familiaritate
1597 965 1685 989 con-

337 1002 480 1031 iunctus
507 1004 562 1032 est
591 1009 666 1031 cum
693 1001 905 1032 Ruhnkeuio
931 1001 1007 1032 148.
1033 1009 1107 1041 sqq.
1147 1000 1286 1032 Ruhuk.
1312 1003 1512 1033 Ernestium
1541 1002 1686 1033 adiuvat

336 1046 372 1075 in
399 1053 491 1076 nova
517 1045 672 1077 editione
701 1046 982 1077 Memorabilium
1007 1045 1256 1084 Xenophontis
1280 1045 1357 1076 154.
1381 1054 1457 1086 sqq.
1496 1047 1684 1078 Ernestius

335 1089 378 1120 ad
403 1098 483 1121 eum
508 1091 653 1127 scripsit
677 1086 931 1121 Narrationem
955 1090 998 1121 de
1024 1092 1100 1121 vita
1124 1090 1278 1122 Gesneri
1305 1090 1380 1121 157.
1417 1092 1461 1122 R.
1487 1091 1686 1122 domestica

337 1135 537 1166 calamitate
562 1135 735 1175 afflictus,
760 1135 916 1171 Klotzii,
940 1137 1141 1172 Burmanni,
1165 1136 1354 1168 scliraderi
1378 1136 1598 1174 aliorumque
1623 1144 1687 1167 ca-

335 1178 474 1210 lumniis
498 1181 644 1219 petitus,
680 1188 767 1210 suae
791 1188 830 1210 se
854 1182 997 1210 virtutis
1029 1182 1248 1211 conscientia
1277 1182 1313 1211 et
1338 1183 1436 1211 recte
1460 1182 1687 1212 sentientium

337 1226 540 1256 testimonio
574 1227 691 1255 tuetur
727 1223 806 1255 157.
839 1233 915 1265 sqq.
952 1233 983 1255 a.
1010 1224 1110 1256 1772.
1143 1226 1261 1256 studia
1292 1229 1459 1265 repetens
1489 1228 1526 1257 et
1551 1225 1686 1257 Velleio

336 1272 548 1308 praecipuas
572 1273 694 1308 partes
720 1270 895 1308 tribuens,
927 1273 1008 1300 item
1034 1271 1197 1309 Longino
1223 1272 1259 1300 et
1281 1270 1506 1301 scholiastae
1529 1270 1687 1301 Platonis

338 1322 483 1353 operam
521 1322 675 1354 navans,
709 1314 901 1346 Villoisoni
936 1315 1154 1354 aliorumque
1192 1316 1347 1345 amicitia
1382 1317 1572 1346 recreatur
1608 1313 1688 1345 162.

337 1366 414 1399 sqq.
445 1359 592 1390 alteram
619 1360 750 1397 partem
779 1358 1004 1397 Quaesturae
1031 1358 1188 1390 Corradi
1213 1368 1253 1397 a„
1272 1358 1369 1390 1773.
1393 1359 1593 1399 suppeditat
1616 1359 1686 1389 Er-

338 1405 454 1435 nestio
481 1402 560 1435 164.
584 1411 636 1444 sq.
677 1404 877 1434 Abrahamo
902 1405 1084 1435 Gronovio
1109 1413 1140 1434 a.
1171 1403 1268 1435 1774.
1294 1407 1434 1436 mortuo
1463 1403 1622 1436 succedit
1651 1405 1686 1434 in

338 1449 566 1488 praefectura
598 1448 836 1480 Bibliothecae
868 1450 1053 1480 LBatavae
1085 1449 1162 1478 166.
1194 1456 1244 1489 sq.
1282 1446 1330 1487 cf.
1360 1449 1416 1478 67.
1457 1450 1535 1479 eius
1567 1450 1687 1487 partes

339 1494 505 1532 quaedam
540 1495 573 1524 iu
608 1493 752 1531 agendis
776 1494 898 1524 diebus
923 1495 1028 1524 festis
1052 1494 1098 1524 ai.
1127 1493 1229 1524 1775.
1255 1493 1466 1523 Academiae
1490 1493 1687 1525 saecularis

339 1537 419 1569 167.
444 1546 498 1578 sq.
523 1546 555 1568 a.
576 1537 675 1568 1776.
701 1538 771 1569 edit
794 1539 1085 1569 dissertationem
1109 1538 1152 1568 de
1183 1537 1265 1568 Vita
1288 1537 1322 1568 et
1345 1537 1508 1576 Scriptis
1531 1536 1686 1579 Lonqini

339 1583 417 1615 168.
441 1590 515 1624 sqq.
554 1582 836 1622 VVyttenbachio
869 1591 899 1614 a.
928 1583 1028 1614 1777.
1057 1583 1308 1614 Bibliotliecam
1333 1582 1499 1614 Criticam
1527 1583 1688 1615 scribere

338 1629 534 1661 instituenti
560 1630 710 1667 primum
737 1629 938 1668 dissuasor,
963 1637 1043 1660 niox
1067 1636 1194 1659 suasor
1218 1628 1361 1659 consilii
1381 1632 1486 1668 atque
1509 1627 1598 1659 adeo
1622 1635 1687 1659 so-

338 1675 412 1705 cius
437 1674 503 1705 fuit,
528 1672 605 1704 170.
630 1682 707 1704 cum
735 1674 931 1704 Burmauno
957 1673 1116 1705 secundo
1142 1675 1175 1704 in
1200 1675 1351 1712 gratiam
1377 1672 1465 1705 redit
1487 1670 1573 1703 ibid.
1598 1680 1688 1707 sen-

339 1720 484 1750 tentiam
513 1727 609 1749 suam
635 1719 678 1749 de
698 1716 804 1758 sestis
827 1718 964 1749 Bacchi
990 1720 1134 1757 Atticis,
1169 1719 1213 1749 ab
1238 1718 1389 1749 Oderico
1421 1719 1686 1757 reprehensam,

339 1763 587 1795 confirmatam
618 1771 701 1795 esse
731 1766 905 1803 cognovit
941 1771 1032 1794 nova
1070 1765 1284 1794 auctoritate
1315 1762 1558 1802 Inscriptionis
1581 1765 1688 1794 antea

338 1811 481 1846 ignotae
506 1808 586 1839 171.
610 1816 661 1848 sq.
700 1810 827 1839 accidit
862 1810 893 1839 ei
926 1817 1007 1840 mox
1039 1816 1155 1839 novae
1179 1810 1339 1839 suavitas
1371 1808 1520 1839 notitiae
1543 1815 1622 1838 cum
1646 1806 1686 1838 C.

339 1854 382 1885 F.
406 1854 574 1884 Matthaei
598 1854 821 1889 mosomensi,
854 1854 911 1891 qui
937 1855 969 1883 ei
995 1854 1101 1883 mittit
1124 1853 1215 1882 duos
1239 1861 1260 1883 a
1283 1860 1324 1883 se
1347 1855 1512 1890 repertos
1537 1852 1688 1889 hymnos

339 1899 484 1929 Homer.
510 1896 587 1928 172.
620 1897 746 1936 Τοιψῐί
770 1897 955 1937 Lonyinus
979 1898 1119 1928 tandem
1146 1896 1262 1934 prodit
1286 1904 1316 1927 a.
1343 1896 1442 1926 1778.
1470 1904 1548 1927 cum
1573 1896 1686 1926 adno-

339 1946 414 1974 tait.
441 1943 640 1973 Ruhnkenii
672 1942 750 1973 172.
775 1951 826 1982 sq.
864 1941 1064 1972 Frontinus
1087 1940 1322 1980 Oudendorpii
1354 1948 1388 1971 a.
1415 1941 1514 1971 1779.
1544 1942 1688 1972 iuvante

338 1987 568 2026 Ruhnkenio‚
604 1988 797 2026 eodemque
821 1995 854 2016 a.
889 1986 1038 2016 Velleius
1060 1985 1279 2016 Pater-culus
1309 1986 1478 2017 emittitur
1508 1983 1587 2017 173.
1611 1992 1687 2025 sqq.

339 2035 409 2064 tria
435 2034 469 2062 ei
494 2033 559 2063 hoc
583 2040 676 2062 aimo
701 2032 793 2063 laeta
818 2032 1019 2072 obtigerunt
1043 2029 1121 2061 175.
1145 2039 1178 2061 a.
1194 2030 1291 2061 1780.
1316 2030 1464 2068 hymnos
1479 2028 1689 2061 Homericos

340 2077 442 2117 duoS,
465 2084 486 2107 a
513 2077 692 2107 Matthaeo
716 2080 895 2116 acceptos,
921 2076 990 2107 edit
1018 2075 1091 2106 176.
1123 2076 1244 2106 morbo
1268 2077 1372 2116 gravi
1396 2078 1603 2114 correptus,
1625 2075 1688 2105 sed

340 2130 427 2153 cura
458 2122 658 2153 Doevereni
692 2123 892 2155 restitutus.
930 2124 1175 2151 testamentum
1207 2121 1329 2151 facere
1361 2122 1492 2156 cogitat
1523 2119 1602 2150 176.
1636 2126 1689 2159 sq.

340 2168 437 2198 vitae
461 2175 548 2197 suae
574 2160 803 2197 notationem
823 2166 865 2196 ad
894 2165 1089 2196 Hakeuium
1123 2167 1229 2197 mittit
1259 2163 1335 2195 177.
1366 2172 1441 2204 sqq.
1480 2165 1516 2195 in
1545 2164 1687 2194 dissen—

341 2212 499 2243 sionibus
526 2211 687 2242 civilibus
717 2210 891 2250 quonmdo
922 2219 962 2241 se
995 2211 1148 2248 gesserit
1176 2210 1249 2240 180.
1272 2218 1349 2250 sqq.
1388 2211 1503 2240 altera
1535 2208 1690 2239 editione

340 2266 373 2288 a.
399 2256 500 2288 1782.
533 2259 686 2287 renovat
718 2255 864 2293 hymnos
892 2254 1037 2285 Homer.
1068 2263 1142 2285 cum
1175 2255 1305 2285 duabus
1338 2252 1517 2292 Epistolis
1543 2252 1691 2284 Criticis

340 2302 420 2332 183.
441 2309 517 2341 sqq.
542 2309 622 2331 mox
647 2301 833 2334 Florilegii
858 2299 1049 2330 Stobaeani
1072 2301 1204 2338 insigni
1228 2299 1428 2338 fragmento
1455 2300 1587 2339 potitur
1615 2297 1690 2331 185.

340 2345 537 2377 Platonica,
562 2346 668 2376 edere
691 2347 877 2376 constituit
904 2353 934 2375 a.
963 2345 1063 2375 1783.
1101 2345 1160 2374 sed
1194 2352 1274 2375 mox
1305 2343 1348 2374 ad
1375 2343 1444 2373 alia
1468 2343 1690 2374 convertitur

345 2392 419 2422 185.
443 2399 521 2430 sqq.
557 2399 588 2420 a.
617 2390 714 2421 1754.
741 2390 859 2421 attulit
891 2389 1057 2429 quaedam
1091 2390 1125 2419 in
1161 2393 1342 2428 utramque
1368 2390 1504 2426 partem
1536 2388 1690 2425 insignia

341 2436 557 2467 Ruhnkenio
585 2435 659 2466 189.
698 2435 974 2466 Valckenarium
1006 2435 1183 2473 collegam
1213 2437 1328 2464 morte
1359 2433 1488 2463 amittit
1518 2440 1551 2463 a.
1577 2431 1690 2471 1785„

342 2489 440 2512 novo
466 2480 625 2519 collegae
651 2481 701 2510 Te
715 2480 865 2512 Vt'atero
891 2478 1085 2510 lalilonskii
1111 2479 1282 2518 opuscula
1307 2477 1444 2508 edenda
1468 2476 1691 2507 coniitnendat

345 2525 420 2555 189.
437 2525 533 2555 extr.
558 2525 590 2554 et
609 2533 685 2565 sqq.
712 2528 781 2555 tum
808 2526 913 2554 etiam
941 2524 983 2554 de
1010 2523 1102 2554 Celsi
1126 2524 1280 2554 editione
1304 2522 1395 2562 apud
1419 2521 1690 2551 Luchtmausios

343 2570 436 2600 facta
459 2571 645 2609 praeclare
670 2571 803 2600 meruit
830 2569 901 2600 191.
930 2577 975 2599 ex
999 2569 1163 2599 auctione
1182 2568 1422 2598 Bibliothecae
1440 2565 1692 2596 Gronovianae

345 2614 513 2653 publicam
538 2615 624 2646 ditat
648 2614 725 2645 191.
750 2622 801 2654 sq.
826 2612 997 2653 Appuleii
1023 2611 1308 2652 Oudendorpiani
1333 2619 1412 2651 pars
1435 2610 1460 2641 1.
1488 2609 1691 2641 Metamor-

342 2658 472 2698 phoses
503 2661 687 2691 continens
719 2659 858 2695 tandem
896 2659 1026 2697 prodiit
1057 2665 1090 2688 a.
1124 2657 1223 2688 1786.
1255 2664 1334 2687 cum
1366 2656 1518 2693 praefat.
1551 2655 1691 2686 Ruhnk-

349 2704 423 2734 192.
436 2711 486 2743 sq.
511 2705 601 2735 idem
627 2708 763 2742 tempus
786 2703 998 2735 Ruhnkenio
1025 2703 1229 2733 conciliavit
1252 2701 1409 2732 notitiam
1435 2701 1695 2739 amicitiamque

348 2747 392 2778 G.
416 2748 457 2778 L.
484 2749 675 2787 Spaldingii
700 2748 775 2779 193.
802 2756 876 2788 sqq.
913 2750 989 2779 eius
1021 2747 1125 2777 dolor
1148 2755 1167 2778 e
1192 2746 1345 2777 civilium
1380 2753 1496 2776 rerum
1529 2752 1564 2775 a.
1589 2743 1693 2775 1787.

347 2794 583 2825 conversione
622 2795 697 2825 195.
723 2801 800 2834 sqq.
839 2793 1183 2833 ‚scliweighaeusero
1214 2799 1318 2831 quum
1349 2792 1385 2822 in
1416 2788 1587 2830 Appiano
1621 2791 1694 2820 tum
