1833 3237
282 573 287 583 l
629 506 668 548 v
729 504 748 548 1
808 504 845 547 T
905 505 943 547 A
1422 509 1572 575 vagu.

248 619 678 678 DAvrnls
748 618 1332 675 RUHNKENII
1394 565 1611 612 ”””’”””

83 825 180 894 De
207 865 498 892 nuuNxmuo
527 856 568 889 et
596 864 706 889 meus
736 864 798 889 me
827 855 937 890 dolor
975 852 1150 891 scribere
1186 854 1315 903 iubet,
1347 858 1387 892 et
1425 855 1502 893 viri

82 910 235 957 virtus,
273 911 313 945 et
337 919 431 945 vero
469 910 657 945 bonarum
700 909 1000 945 emolumentum
1040 910 1277 947 Literarum.
1358 911 1503 953 Quidni

81 965 186 1001 enim
216 964 368 1001 doleam
393 965 553 1001 orbatus
574 975 661 1000 cum
691 965 816 1001 amico
846 964 1193 1014 coniunctissimo,
1224 969 1304 1002 tum
1343 966 1503 1003 doctore

83 1018 231 1067 unico?
268 1021 353 1057 Aut
380 1017 526 1058 doloris
556 1021 660 1056 unde
679 1023 805 1066 petam
833 1020 981 1057 certius
1001 1019 1285 1068 honestiusque
1305 1022 1501 1071 solatium,

85 1087 197 1122 quam
231 1086 280 1112 ex
313 1077 419 1112 vitae
450 1078 716 1122 factorumque
736 1077 864 1122 ipsius
884 1075 1188 1113 recordatione?
1230 1077 1339 1119 Quod
1370 1078 1502 1114 sinon

83 1128 238 1179 fantus,
269 1135 436 1177 quantus
466 1133 565 1177 fuit,
603 1132 664 1167 vir
704 1134 847 1168 fuisset
876 1134 1161 1177 Ruhnkenius3
1202 1136 1329 1170 tamen
1363 1139 1401 1170 et
1433 1135 1502 1170 ot‘-

60 1189 216 1224 ssficium
247 1191 286 1223 et
307 1188 434 1233 pietas
455 1188 692 1238 postulabat,
725 1192 765 1223 ut
784 1189 897 1224 cuius
927 1189 1010 1225 vivi
1044 1189 1251 1225 amicitiam
1275 1190 1501 1237 coluissem,

84 1243 258 1280 eiusdem
288 1244 431 1280 mortui
462 1243 684 1280 memoriam
723 1244 1044 1282 commendarem.
1111 1245 1250 1293 Nunc,
1288 1255 1405 1291 quum
1434 1245 1502 1281 ille

84 1299 251 1336 omnium
275 1310 493 1348 consensu,
525 1311 626 1336 unus
651 1300 690 1336 in
713 1300 852 1347 paucis
872 1304 960 1347 post
981 1303 1139 1336 renatas
1165 1302 1335 1350 LiteraS,
1367 1311 1501 1337 earum

82 1356 205 1392 fuerit
227 1356 386 1404 ingenio
408 1356 663 1402 doctrinaque
683 1361 721 1392 et
750 1357 933 1408 princeps
963 1360 1002 1392 et
1034 1359 1182 1404 stator,
1215 1357 1329 1403 isque
1364 1368 1385 1393 e
1411 1357 1502 1393 sin-

83 1412 214 1460 gulari
256 1415 294 1448 et
332 1412 501 1448 maxime
532 1423 618 1448 raro
650 1418 873 1449 naturarum
912 1423 1082 1461 genere,
1125 1424 1225 1459 quae
1255 1414 1447 1449 immunes
1478 1424 1503 1448 a

85 1468 149 1504 sui
180 1468 329 1504 saeculi
350 1465 609 1516 contagione,
639 1469 821 1516 integrae
848 1470 1106 1518 sinceraeque
1136 1480 1158 1504 a
1186 1469 1306 1516 prisci
1329 1470 1502 1506 sanitate

85 1523 175 1559 aevi
205 1524 418 1571 prodeunt3
461 1534 507 1560 eo
539 1524 650 1560 nobis
678 1526 808 1561 minus
838 1525 1153 1561 committendum
1177 1531 1252 1573 est,
1282 1529 1325 1561 ut
1353 1528 1502 1562 tantam

85 1582 162 1615 tam
198 1579 422 1615 inusitatam
454 1581 636 1617 virtutem
676 1580 833 1617 tacitam
872 1582 980 1617 abire
1010 1582 1195 1618 sinamus.
1255 1582 1378 1618 Vivet
1408 1581 1501 1627 qui-

85 1634 172 1670 dem
201 1635 286 1671 eius
325 1635 434 1681 laus,
480 1636 762 1672 immortalibus
811 1637 965 1683 prodita
1002 1637 1174 1673 inventis
1214 1647 1261 1673 ac
1300 1637 1501 1673 doctrinae

83 1690 363 1726 monumentis:
393 1693 432 1726 et
448 1691 567 1739 vivet,
589 1691 652 1726 vel
670 1692 757 1727 sine
779 1697 910 1727 nostro
929 1692 1152 1742 praeconio,
1180 1702 1249 1738 per
1269 1691 1497 1728 innumera-
1513 1696 1540 1733 2

81 1746 216 1784 bilium
247 1746 453 1782 decursum
483 1756 693 1792 annorum,
724 1747 849 1791 quoad
876 1748 1029 1792 quidem
1058 1758 1153 1782 suus
1181 1747 1328 1782 Literis
1359 1750 1398 1783 et
1419 1748 1498 1784 hu-

82 1801 261 1838 manitati
282 1801 479 1837 constabit
506 1801 641 1837 honos.
681 1802 758 1837 Sed
788 1801 920 1848 huius,
951 1802 1131 1847 quamvis
1154 1802 1378 1850 diuturnae,
1405 1803 1499 1839 lau-

60 1858 146 1894 -dis
176 1868 264 1893 cum
293 1857 343 1893 ad
379 1867 527 1904 paucos
565 1856 777 1903 pertinebit
818 1857 976 1904 notitia,
1024 1868 1092 1894 eos
1130 1859 1216 1894 fere
1256 1859 1322 1904 qui
1350 1859 1500 1905 scripta

84 1910 161 1950 viri
190 1912 380 1962 legerint,
410 1916 503 1966 tum,
523 1923 571 1948 ne
595 1913 729 1949 horum
751 1913 906 1959 quidem
934 1913 1083 1949 animos
1104 1914 1290 1960 explebit.
1335 1915 1434 1951 Nam
1458 1918 1501 1951 ut

83 1970 287 2017 Veterum,
307 1978 466 2016 quorum
489 1968 610 2004 libros
634 1979 719 2004 cum
742 1970 872 2004 fructu
894 1972 933 2005 et
956 1969 1156 2015 voluptate
1176 1970 1358 2017 legimus,
1389 1970 1500 2017 ipsas

80 2025 202 2062 -etiam
243 2035 308 2061 res
346 2025 528 2070 vitasque
570 2033 815 2071 cognoscere
849 2024 1048 2071 cupimus,
1078 2029 1287 2071 earumque
1327 2026 1362 2062 si
1399 2027 1500 2063 nihil

83 2085 154 2118 aut
181 2090 317 2127 parum
347 2080 397 2115 ad
436 2083 604 2116 nostram
635 2079 859 2116 memoriam
886 2081 1085 2127 pervenit,
1122 2082 1286 2117 moleste
1316 2077 1497 2118 ferimus:

84 2137 142 2173 ita
169 2139 210 2172 et
239 2135 387 2181 posteri
427 2135 660 2181 quicumque
699 2138 832 2181 erunt,
882 2139 921 2171 et
951 2140 1107 2172 nostrae
1139 2137 1283 2173 aetatis
1311 2139 1499 2183 aequales

22 2233 27 2235 Α
83 2191 217 2238 multi,
247 2192 314 2237 qui
342 2191 572 2228 Ruhnkenii
594 2191 656 2227 vel
688 2202 824 2227 nomen
856 2192 905 2228 ab
932 2192 1023 2227 aliis
1051 2192 1238 2228 celebrari
1259 2192 1498 2242 audiverint,

83 2248 146 2284 vel
176 2246 388 2283 doctrinam
420 2247 601 2294 legendis
632 2247 792 2293 scriptis
821 2247 1089 2293 perceperint,
1129 2247 1289 2284 uberius
1314 2247 1498 2293 quiddam

86 2305 125 2340 et
146 2303 313 2339 interius
331 2303 550 2351 requirent,
580 2303 682 2339 unde
699 2313 775 2339 non
796 2303 906 2337 modo
923 2302 1168 2348 scriptorem,
1199 2303 1270 2338 sed
1288 2303 1497 2351 hominem,

83 2358 123 2395 id
144 2362 225 2408 est,
255 2358 382 2404 ipsius
403 2369 488 2407 res,
519 2361 648 2406 facta,
678 2368 830 2404 morea
860 2358 1053 2402 animum,
1086 2358 1308 2408 vitamque,
1340 2370 1496 2408 cogno-

85 2418 211 2452 scant.
241 2414 369 2462 Igitur
387 2425 462 2460 quo
485 2415 668 2450 maiorem
690 2414 849 2450 Literae
869 2423 954 2450 cum
981 2414 1139 2461 ubique,
1162 2418 1239 2450 tum
1263 2415 1496 2462 praesertim

30 2474 33 2475 ’
84 2470 125 2507 in
154 2474 288 2507 nostra
307 2470 492 2517 Batavia,
523 2470 619 2506 tanti
638 2469 714 2505 viri
745 2469 851 2505 obitu
880 2470 1067 2506 iacturam
1097 2472 1300 2516 fecerunt,
1329 2481 1404 2516 quo
1435 2471 1493 2507 la-

85 2527 164 2563 tius
194 2528 299 2562 fama
325 2526 411 2562 eius
433 2536 501 2572 per
529 2526 720 2562 eruditum
751 2530 938 2562 terrarum
970 2527 1099 2562 orbem
1126 2527 1270 2578 patuit,
1301 2536 1376 2571 quo
1401 2530 1494 2563 sunt

85 2582 218 2626 plures
249 2582 297 2617 ad
327 2592 425 2628 quos
443 2593 493 2618 ex
517 2582 602 2618 eius
624 2585 745 2618 morte
778 2582 956 2627 pervenit
984 2582 1115 2629 dolor3
1147 2592 1191 2618 eo
1218 2582 1344 2629 magis
1365 2586 1424 2618 est
1454 2586 1494 2618 et

86 2635 338 2674 humanitatis
357 2647 455 2686 erga
473 2638 599 2686 vivos,
623 2641 661 2674 et
678 2638 836 2684 pietatis
856 2647 951 2686 erga
970 2642 1173 2686 mortuum,
1194 2638 1369 2674 absentis
1390 2639 1493 2674 ima-

86 2690 219 2739 ginem
250 2697 569 2746 repraesentare,
599 2694 796 2739 vitamque
825 2694 970 2739 scripto
998 2694 1205 2739 mandare3
1254 2697 1295 2730 ut
1325 2694 1496 2731 habeant

88 2757 176 2783 cum
204 2749 379 2786 universi
408 2750 473 2787 vel
503 2750 740 2799 cognitionis
757 2750 1102 2798 oblectamentum,
1132 2750 1196 2786 vel
1215 2749 1400 2786 desiderii
1429 2751 1494 2787 le-

88 2802 320 2854 nimentum,
349 2808 429 2842 tum
451 2817 544 2843 vero
564 2805 739 2844 iuniores
759 2806 1000 2854 exemplum,
1030 2806 1070 2843 in
1097 2805 1201 2853 quod
1229 2805 1429 2844 intuentes
1454 2808 1494 2842 et

1165 2867 1219 2910 1.
