1816 3233
636 190 942 229 —149-

88 302 227 348 quibus
257 302 403 345 laesus,
434 312 545 348 quam
577 303 718 338 leniter
748 303 1041 347 humaniterque
1071 312 1138 338 eos
1178 302 1282 338 ultus
1311 303 1384 351 sit,
1422 314 1491 339 sn·

89 368 156 403 pra
185 355 427 405 diximus:*]
457 359 505 394 de
527 359 669 404 multis,
691 358 778 394 aliis
801 358 977 403 aliorum,
1007 359 1046 393 in
1070 369 1114 393 se
1130 358 1286 394 iniuriis
1303 369 1349 394 ac
1371 361 1494 394 male-

86 413 215 461 dictis,
246 424 346 459 quae
376 414 533 450 silentio
564 415 796 460 confutavit,
841 414 973 450 dicere
1003 424 1077 449 non
1109 415 1261 451 attinet.
1292 414 1495 466 Reiskius,

83 469 197 505 homo
228 470 384 505 minime
415 475 554 505 natura
583 481 656 506 sua
685 471 825 517 malus,
856 469 926 505 sed
957 471 1137 505 fortunae
1167 471 1375 515 iniquitate
1404 472 1513 507 sub«

83 525 175 560 inde
214 526 260 559 ad
302 526 611 561 maledicentiam
644 527 858 575 impulsus,
901 525 1030 570 aliquo
1062 526 1099 560 in
1135 526 1266 561 libello
1297 527 1492 562 Ruhnke-

85 579 187 615 nium
219 581 599 626 Valckenariumque
630 582 726 617 duos
767 581 1053 617 Hemsterhusii
1090 581 1226 616 simios
1258 586 1492 618 vocaverat:

85 635 124 671 ni
172 636 349 672 ridebant
396 637 611 684 hominem,
670 638 735 682 qui
787 637 1041 672 inveteratam
1103 637 1215 672 bilem
1273 641 1492 673 evomeret:

83 690 341 727 Ruhnkenius
380 693 433 727 nil
475 692 571 739 nisi,
612 694 648 728 in
689 693 956 738 Antiphontea
996 690 1362 739 dissertatione‚**)
1404 704 1491 730 eum

43 746 277 787 „infelicem
298 748 557 784 coniectorem
583 749 818 784 nominavit:
858 749 1159 794 Reiskiumque,
1183 749 1248 793 qui
1279 750 1378 784 hanc
1395 750 1491 785 Dis-

82 803 357 850 sanationem,
401 807 553 839 retento
583 804 650 840 illo
681 805 779 851 loco,
810 806 848 840 in
880 805 1048 842 editione
1080 806 1282 842 Oratorum
1315 805 1491 841 Graeco-

80 854 250 906 rum***)
283 859 479 910 repetivit,
513 860 668 895 fortiter
697 861 844 895 fecisse
873 860 1074 896 iudicavit.
1134 861 1211 897 Sed
1233 861 1492 896 Ruhnkenius

80 913 207 949 minus
239 915 480 960 movebatur,
512 915 546 949 si
578 916 665 959 quis
695 915 837 966 ipsum,
869 918 1045 961 quamvis
1067 916 1312 960 immeritum,
1339 915 1490 952 'rustice

80 969 341 1014 iracundeque
357 970 547 1005 conviciis
561 968 622 1018 †)
652 974 815 1017 peteret,
840 982 952 1017 quam
974 972 1021 1016 si,
1044 972 1130 1017 ipso
1154 975 1374 1016 praesente,
1403 982 1488 1007 ma-

57 1034 181 1072 >gnos
210 1025 330 1072 viros,
362 1029 429 1061 aut
458 1030 565 1062 recte
585 1028 702 1072 facta,
734 1037 804 1072 per
827 1028 1038 1063 vanitatem
1070 1030 1343 1064 contemneret.
1402 1029 1490 1063 Ve-

79 1083 190 1116 nerat
229 1081 277 1116 ad
309 1091 376 1116 nos
408 1082 691 1129 Biiirnstalius‚
732 1083 910 1126 suemus,
949 1084 1086 1119 doctus
1120 1083 1278 1128 quidem
1310 1083 1389 1127 ille,
1420 1084 1487 1118 sed

79 1137 347 1182 importunus,
386 1138 520 1174 homo:
560 1139 671 1174 cuius
711 1138 902 1174 adventus
952 1142 990 1174 et
1027 1139 1212 1174 salutatio
1252 1139 1490 1174 nostratibus

78 1191 276 1237 plerisque
305 1194 452 1228 veteris
482 1193 770 1229 Normannicae
799 1194 1017 1230 invasionis
1048 1194 1267 1230 memoriam
1300 1204 1487 1229 revocare

79 1247 252 1283 solebat:
283 1246 472 1283 lustrabat
492 1249 767 1284 bibliothecam
791 1251 998 1297 publicam,
1020 1251 1104 1295 ipso
1123 1253 1328 1294 praesente
1352 1250 1487 1285 Ruhn-

78 1303 217 1340 kenio:
256 1303 322 1348 qui
359 1314 475 1349 quum
505 1304 541 1339 ei
572 1304 610 1339 in
642 1304 787 1340 scrinio
818 1305 980 1350 quodam
1013 1305 1169 1341 condita
1198 1304 1345 1350 scripta
1374 1306 1488 1340 Iose-

79 1359 145 1404 phi
176 1358 373 1406 scaligeri
403 1362 648 1408 monstraret,
679 1360 755 1396 iste
785 1361 1032 1405 exclamavit,
1063 1362 1139 1396 Hic
1168 1365 1226 1396 est
1246 1361 1314 1395 ille
1332 1362 1486 1396 πένθει·-

75 1418 262 1461 spectans
289 1417 492 1461 iudicium,
521 1416 698 1451 alludens
728 1416 814 1452 eius
835 1417 1044 1462 sepulcrali
1065 1417 1207 1464 elogio,
1237 1416 1342 1452 serio
1360 1419 1487 1452 tamen

77 1471 331 1516 contendens,
361 1471 607 1518 scaligerum
636 1471 835 1508 iudicandi
867 1473 1057 1508 facultate
1097 1472 1286 1508 caruisse.
1346 1473 1484 1508 Ruhn-
1505 1472 1585 1508 251

75 1526 216 1563 kenius
243 1527 372 1563 subito
401 1528 438 1564 ei
458 1528 620 1573 intonat,
650 1526 781 1572 Aufer
809 1531 846 1563 te
874 1528 965 1566 hinc
993 1531 1062 1564 luo
1092 1538 1182 1565 cum
1209 1518 1396 1574 stupore!
1427 1527 1488 1563 si-

77 1582 156 1617 mul
185 1584 408 1629 operculum
440 1583 576 1619 scrinii
613 1583 822 1628 impellens
860 1587 898 1619 et
938 1584 1163 1622 occludens.
1222 1586 1356 1630 Homo,
1387 1584 1486 1628 quod

76 1647 166 1673 raro
204 1638 240 1674 ei
279 1639 504 1683 accidebat,
546 1639 705 1674 territus
745 1638 851 1675 abiit.
910 1640 1032 1674 Venit
1071 1639 1149 1674 alio
1180 1642 1350 1684 tempore
1383 1640 1486 1674 Ger-

74 1703 214 1729 manus
250 1695 392 1740 aliquis
421 1696 647 1738 Professor,
679 1694 806 1729 minus
849 1694 1002 1739 quidem
1042 1705 1189 1740 procax
1228 1700 1267 1730 et
1296 1694 1486 1730 molestus

76 1749 266 1795 moribus,
307 1750 434 1785 animo
472 1760 545 1785 non
584 1750 711 1785 minus
750 1753 962 1785 ventosus:
992 1750 1057 1786 hic
1087 1761 1110 1785 a
1144 1750 1380 1786 Ruhnkenio
1411 1760 1483 1793 pe·

76 1807 187 1848 tens,
225 1808 268 1840 ut
299 1805 558 1841 bibliothecae
595 1805 774 1850 publicae
813 1806 1048 1850 spectandae
1087 1806 1234 1850 copiam
1266 1805 1343 1840 sibi
1373 1806 1487 1840 sace-

74 1863 157 1907 ret,
198 1862 378 1896 narrabat
424 1861 472 1896 de
519 1860 721 1897 Germanis
782 1860 1010 1906 quibusdam
1061 1860 1336 1896 eruditissimis
1379 1860 1488 1901 viris,

76 1915 363 1952 eruditissimos
392 1917 484 1952 item
514 1917 635 1952 libros
665 1915 896 1952 Germanica
925 1917 1061 1964 lingua
1092 1917 1369 1952 scribentibus,
1413 1916 1486 1951 Cui

75 1971 359 2009 Ruhnkenius:
391 1973 555 2008 Mallem
583 1973 642 2007 illi
671 1973 747 2006 viri
770 1973 915 2008 Latine
933 1974 1161 2014 scriberent,
1192 1974 1237 2007 uc
1269 1971 1486 2017 Gesner-us,

76 2028 284 2075 Ernestus,
305 2029 501 2078 Heynius,
523 2037 601 2074 quo
622 2028 753 2077 ηεαρίεἸ
766 2029 816 2063 ab
835 2029 988 2063 ecc-teris
1008 2029 1238 2074 leye1·enlm·.
1270 2027 1367 2062 'rum
1389 2027 1485 2062 iste:

78 2083 191 2119 Tune
208 2085 340 2130 eciam,
361 2094 383 2120 o
414 2086 529 2133 bone,
559 2084 626 2119 illo
658 2084 701 2118 in
715 2093 852 2119 errore
874 2084 1006 2119 adhuc
1023 2084 1208 2127 versaris,
1226 2083 1301 2118 hac
1315 2083 1487 2128 amplius

74 2142 204 2175 aetate
232 2139 378 2176 Latine
406 2141 654 2177 scribendum
684 2134 799 2175 esse?
857 2139 1116 2175 Ruhnkenius
1142 2142 1288 2174 tantam
1320 2138 1485 2173 bominis

74 2194 283 2231 vanitatem
322 2196 579 2243 indignatus,
612 2205 699 2231 eum
739 2194 922 2230 continuo
960 2195 1139 2237 dimittit,
1190 2195 1309 2239 Vale,
1349 2194 1486 2238 inquit,

73 2248 301 2299 Professor,
332 2261 480 2298 quaere
516 2253 638 2288 aliam
669 2251 951 2299 bibliothecam,
982 2252 1049 2287 ubi
1081 2250 1339 2287 Germanicos
1367 2250 1486 2286 libros

72 2306 265 2343 invenias.

187 2362 317 2398 Multa
356 2362 442 2397 eius
480 2364 517 2398 in
560 2363 699 2398 multos
738 2362 973 2398 exstiterunt
1003 2361 1214 2398 beneficia:
1255 2370 1327 2396 non
1359 2361 1484 2395 solum

77 2418 115 2453 in
147 2427 206 2464 eo,
237 2428 312 2463 quo
342 2413 524 2466 diximus,
555 2428 717 2470 genere,
747 2421 789 2453 ut
818 2428 976 2454 munera
1006 2418 1057 2454 iis
1087 2416 1327 2464 conciliaret,
1358 2426 1404 2451 ac
1427 2415 1483 2452 rei

1465 2480 1477 2494 f

71 2556 96 2596 ⁸)
125 2559 201 2590 vid.
229 2567 309 2600 pag.
335 2561 389 2592 92.
418 2561 491 2592 159.
516 2569 567 2601 sq.
594 2562 647 2592 ed.
674 2570 726 2600 pr.
775 2562 844 2593 FR.

74 2625 120 2662 ⁸⁸)
147 2624 230 2663 cap.
256 2627 288 2656 3.
316 2627 403 2659 med.
431 2628 500 2659 FB.

10 2714 13 2718 .
69 2691 129 2728 “‘)
151 2691 323 2724 Videatur
349 2702 467 2734 supra,
492 2697 675 2727 annotatio
701 2695 742 2726 ad
770 2703 848 2735 pag.
879 2694 952 2726 148.

71 2757 116 2800 ᾧ)
140 2759 326 2800 Bergman.
355 2760 409 2794 ed.
439 2762 618 2794 convitiis.
644 2763 717 2794 ΕΒ.
