1816 3233
621 210 932 254 —175—

67 285 148 322 Pag.
162 286 212 315 ed.
219 281 318 319 princ.

67 329 122 360 39.
136 336 188 360 vs.
199 326 254 359 20.
278 326 376 368 forte
399 327 562 359 altarum
586 328 864 367 occupationum
888 324 1120 356 multitudine
1142 322 1321 364 impediti.
1356 322 1489 354 Dicen-

203 373 284 404 dum
306 372 478 413 fortasse.
513 372 599 403 Nam
623 373 722 412 l'orte
744 374 779 402 in
804 373 1009 402 coniectura
1033 371 1151 400 locum
1168 376 1345 409 nunquam
1370 369 1488 408 habet,

203 418 271 448 nisi
302 418 338 447 in
371 417 535 448 formulis
568 417 642 448 llis:
680 418 710 447 si
741 416 870 458 sorte,
904 417 973 446 nisi
1004 413 1129 455 sorte,
1154 423 1198 444 ne
1219 413 1342 455 forte,
1382 414 1489 450 [num

203 462 334 502 forta]
359 462 645 493 LlNDEMANN.
668 466 792 492 contra
811 469 910 501 quem
929 460 1066 491 frustra
1080 459 1232 498 disputat
1258 459 1489 499 Bergmanus.

67 507 174 539 40.-
198 507 231 536 6.
265 508 417 539 notavit.
467 507 561 537 Malo
585 506 788 537 adnotavit.

81 569 116 575 —
140 569 175 574 --
187 551 242 583 15.
268 552 410 591 spuria.
458 551 568 581 Immo
584 551 808 582 adulterina.
842 549 922 580 Vid.
937 548 979 580 ad
996 549 1124 579 Muret-
1155 548 1234 579 Vol.
1250 548 1292 579 ll.
1320 555 1399 587 pag.
1412 545 1488 578 151.

203 596 333 628 Krebs.
358 597 476 627 Antil).
504 603 581 635 pag.
599 595 678 625 741).
726 595 779 626 Cf.
806 596 898 625 iufra
922 594 979 635 42,
1006 593 1058 623 16.
1083 593 1139 633 49,
1166 593 1222 623 20.
1249 592 1304 624 21.
1330 593 1408 632 275,
1433 592 1488 623 14.

73 658 101 664 -
135 659 171 664 -
191 641 247 672 18.
273 642 592 681 interpolatorum.
641 640 849 671 Tertulliani
874 641 940 670 hoc
974 642 1029 669 est
1054 637 1262 668 vocabulum
1295 638 1336 669 de
1365 640 1408 668 iis
1432 639 1490 676 qui

203 686 326 716 librum
352 685 506 724 aliquem
532 685 658 715 alienis
681 686 800 716 verbis
828 684 1050 722 adulterant,
1074 687 1322 721 corrumpunt,
1350 684 1487 722 vitiant;

203 731 325 760 dicere
348 729 480 761 licebat
502 731 750 770 corruptores.
800 729 855 760 Cf.
879 729 1008 760 Krebs.
1034 728 1149 758 Antii).
1176 736 1254 768 pag.
1268 728 1346 758 438.
1372 736 1423 767 sq.

80 791 118 798 —-
135 791 172 796 —
195 774 252 805 22.
277 776 504 815 munerisque
527 774 766 813 adeptionem.
817 775 892 806 vid.
920 774 963 804 ad
989 771 1130 810 61,17.

69 819 126 851 41.
140 819 228 850 -7
253 819 517 860 posteaquam,
551 827 620 849 non
651 820 866 860 postquam,
902 826 982 850 esse
1016 818 1164 847 formam
1190 825 1310 848 veram
1343 818 1378 846 et
1403 823 1490 853 ger-

204 871 359 902 manam,
391 873 458 903 qua
491 867 608 894 utatur
639 862 786 903 Cicetn„
818 865 1006 894 asseverat
1028 863 1180 900 Madvig.
1205 864 1240 892 in
1266 862 1490 892 additament.

205 909 248 940 1ιᾶ
267 908 328 939 Gr.
345 909 421 939 Lat.
448 915 528 948 pag.
546 907 596 938 11.
646 908 698 938 De
712 910 933 949 antzaqnam
960 907 1029 937 vid.
1046 907 1143 937 infra
1168 907 1210 937 ad
1237 915 1314 947 pag.
1329 905 1412 946 201,
1434 905 1489 936 19.

205 953 260 984 De
283 956 465 984 structura
490 960 569 983 cum
594 953 871 992 plusquampert.
898 953 967 982 vid.
993 952 1149 989 Madvig.
1167 953 1202 982 in
1225 952 1287 982 Gr.
1313 952 1344 989 g.
1360 950 1438 981 338.
1461 951 1492 980 Ι).

205 999 285 1029 adn.
310 997 343 1029 1.
367 1000 404 1030 et
427 998 566 1037 Zumpt.
593 999 626 1036 S.
642 996 718 1029 507.
744 1002 836 1030 extr.
886 998 936 1028 De
959 1005 1017 1027 vv.
1043 996 1183 1027 biennio
1206 997 1333 1036 postea
1358 1003 1410 1025 vs.
1437 994 1492 1026 13.

207 1044 250 1075 cf.
276 1042 320 1074 ad
344 1043 406 1083 14,
431 1042 484 1074 16.

71 1088 127 1120 42.
138 1089 226 1119 -3.
251 1088 394 1119 titulus.
440 1087 624 1118 Ciceronis
656 1095 694 1117 es
680 1089 712 1117 t
736 1088 953 1127 inscriptio,
979 1086 1110 1125 indeoe3
1141 1093 1254 1124 neque
1287 1088 1405 1116 tamen
1432 1091 1493 1115 re-

207 1133 414 1173 pudiandum
446 1133 588 1163 videtur
625 1132 714 1171 quod
753 1134 871 1170 posuit
900 1131 1087 1170 thtenb
1148 1131 1228 1161 Vid.
1260 1129 1388 1161 Krebs.
1422 1129 1442 1159 l.
1470 1129 1492 1159 l.

208 1187 286 1218 pag.
297 1178 376 1209 771.
400 1178 510 1208 Paulo
535 1180 614 1216 post
639 1177 776 1207 mallem
806 1177 1094 1218 Esz1a1nmat13
1117 1183 1182 1216 pro
1199 1174 1492 1216 EpiJrammati-

207 1222 272 1253 bus
295 1223 511 1262 scripsisset.

75 1284 112 1290 -
138 1284 174 1291 --
194 1267 248 1298 19.
272 1268 368 1308 quod
391 1283 435 1288 ---
459 1267 626 1298 imnmnz's
649 1265 752 1296 esset.
801 1266 917 1305 Magis
941 1265 1058 1305 placet
1081 1265 1299 1295 indicativus.

71 1321 224 1355 43.-1.
255 1322 425 1356 coactum
448 1323 514 1353 lioc
537 1327 646 1351 sensu
673 1328 693 1350 e
718 1320 834 1351 Gellio
859 1322 914 1350 est
940 1320 971 1359 l,
997 1322 1030 1350 3.
1056 1319 1114 1350 fin.
1133 1320 1227 1358 ΧΠ,
1251 1319 1308 1350 14.
1348 1318 1492 1350 Utrobi-

207 1375 275 1407 que
299 1375 379 1399 cum
404 1366 487 1399 adv.
504 1367 609 1396 nimis
634 1366 873 1405 coniungitur.
913 1365 1195 1396 LlNDEMANN.
1234 1364 1492 1402 Quinctilianus

207 1413 421 1444 arcessitum
446 1415 567 1450 vocat,
602 1410 664 1440 sed
695 1411 785 1450 apud
810 1410 960 1441 eundem
987 1411 1073 1442 haec
1098 1414 1214 1441 tamen
1239 1409 1405 1449 leguntur
1429 1408 1495 1449 lx,

207 1457 241 1489 4.
268 1459 358 1489 extr.
412 1456 668 1488 Dis-simulatio
700 1464 813 1487 curae
842 1457 1070 1496 praecipua,
1110 1456 1153 1486 ut
1189 1456 1332 1486 numeri
1366 1455 1494 1494 sponte

203 1503 380 1545 fluxisse,
413 1511 485 1533 non
517 1501 683 1533 arcessiti
713 1501 748 1531 et
778 1501 895 1532 coacta·
919 1509 991 1531 esse
1022 1500 1231 1531 videantur.
1293 1500 1395 1539 Apud
1420 1499 1493 1530 Cic.

209 1548 305 1578 Brut.
330 1548 364 1587 S.
378 1547 457 1578 274.
494 1546 642 1577 habetur
672 1545 787 1576 simile
817 1547 960 1586 tongsius
990 1545 1160 1583 ductuum
1192 1538 1399 1584 qua'mquam
1421 1544 1494 1576 illic

207 1593 287 1624 libri
310 1593 469 1624 nonnulli
493 1593 531 1623 z'n
557 1591 700 1632 loth'us
723 1590 871 1622 (luctum
896 1599 945 1629 ρι’
938 1591 1074 1622 aebeat.

75 1637 177 1670 44.-
195 1639 232 1669 5.
261 1638 439 1677 alterum,
464 1637 505 1668 ut
530 1639 600 1667 etc.
651 1633 706 1666 Cf.
731 1635 773 1665 ad
799 1644 875 1676 pag.
896 1635 953 1676 37,
979 1634 1036 1667 15.

77 1700 115 1706 -
140 1701 175 1706 -
198 1683 231 1714 7.
255 1683 495 1724 praeparato.
535 1679 741 1711 sufficiebat
755 1687 846 1711 sane
868 1681 1015 1720 parato.
1040 1680 1085 1711 cf.
1103 1679 1299 1711 Kt·ebs.l.l.
1326 1688 1405 1719 pag.
1415 1677 1494 1710 621.

80 1745 116 1753 —-
140 1746 176 1752 —
197 1727 253 1759 11.
276 1728 553 1768 sanitatemque.
602 1725 679 1756 Hoc
704 1726 827 1756 vocab.
853 1727 993 1763 saepius
1018 1725 1062 1756 de
1086 1726 1193 1757 animi
1216 1733 1319 1765 quam
1343 1725 1385 1756 de
1409 1731 1495 1755 cor-

211 1775 309 1814 poris
353 1773 468 1813 (bona
499 1773 559 1802 aut
589 1769 750 1809 infirma)
789 1771 992 1801 valetudine
1035 1773 1239 1809 usurpatur.
1285 1770 1330 1800 cs.
1363 1770 1493 1800 Krebs.

211 1818 330 1849 Antib.
352 1825 431 1858 pag.
449 1815 526 1847 703.
562 1816 663 1846 Haud
682 1823 766 1846 raro
784 1816 832 1847 W
832 1815 1036 1854 yttenhacli.
1050 1816 1092 1846 de
1117 1815 1280 1854 corporis
1294 1814 1494 1846 valetudine

209 1863 305 1894 dixit.
731 1878 736 1881 -

78 1924 116 1931 -—
139 1925 176 1932 -
198 1907 252 1940 15.
274 1907 444 1949 peculim·
446 1915 511 1939 em.
566 1906 675 1937 Immo
697 1914 807 1945 prcae
806 1906 961 1947 ipuum,
1000 1905 1204 1946 pir-omium.
1256 1903 1491 1935 Vid.Mattl1.

211 1954 253 1984 ad
279 1952 352 1983 Cic.
378 1953 480 1991 epist.
504 1951 628 1982 select.
654 1950 776 1988 CVIll,
802 1950 833 1980 1.
860 1954 896 1981 et
920 1952 966 1981 cf.
979 1958 1086 1989 supra
1108 1949 1151 1981 ad
1175 1949 1237 1989 38,
1264 1948 1317 1979 14.
1343 1948 1376 1987 2,
1400 1949 1433 1979 5.

76 1998 480 2031 46.-7.ἰ1·ὶιιηιυι”1’.ο.ς
528 1996 607 2027 Vid.
632 1996 673 2026 ad
699 1994 766 2034 14,
776 1996 809 2025 5.

79 2060 117 2067 -
141 2062 178 2067 —
199 2043 253 2076 14.
283 2044 314 2073 si
347 2042 396 2074 ad
424 2041 653 2082 praesentem
684 2040 842 2079 inopiam
875 2040 1124 2080 respiciamus.
1179 2038 1371 2070 Dicendum
1397 2040 1494 2070 erat:

211 2089 242 2119 si
266 2095 346 2119 eam
370 2095 462 2128 quae
486 2086 587 2116 hodie
609 2084 664 2116 est
698 2084 756 2114 vel
786 2085 817 2115 si
847 2084 941 2116 hane
970 2085 1129 2124 inopiam
1153 2084 1370 2125 spectemus,
1394 2085 1495 2123 com·-

214 2135 339 2164 temus.
366 2132 418 2163 Cf.
434 2131 478 2162 ad
493 2131 620 2162 Muret.
647 2129 726 2161 Vol.
742 2129 786 2160 Il.
802 2128 970 2169 pag.360.
996 2130 1122 2161 Krebs.
1136 2129 1188 2160 l.l.
1205 2137 1284 2169 pag.
1301 2129 1380 2160 692.
1416 2128 1495 2159 Non

214 2178 321 2210 aliter
343 2176 570 2208 statuendum
595 2175 637 2206 de
661 2183 736 2215 sqq.
762 2183 814 2204 νε.
840 2174 895 2204 21.

82 2238 119 2248 -
140 2239 179 2247 -
199 2223 254 2255 16.
279 2222 549 2254 adversitatem.
592 2219 805 2260 Temporum
829 2219 1037 2250 adversitas
1063 2219 1125 2256 [de
1151 2221 1347 2258 temporum
1366 2219 1494 2258 iniqui-

215 2265 307 2305 tate]
333 2274 462 2298 vereor
478 2268 516 2296 ut
536 2266 714 2306 quisquam
740 2271 887 2303 unquam
904 2265 1144 2295 Romanorum
1162 2265 1302 2295 dixerit.
1346 2263 1494 2295 Plinium

214 2315 348 2344 tantum
377 2314 559 2342 auctorem
584 2310 745 2347 laudant,
781 2309 836 2348 qui
861 2307 904 2339 de
929 2309 1073 2348 quadam
1100 2309 1248 2340 naturali
1272 2305 1493 2349 ἀντιπαθείᾳ

213 2358 412 2389 animalium
445 2355 660 2396 quorundam
692 2355 785 2385 inter
815 2360 900 2384 sese
937 2356 1044 2385 utitur
1074 2354 1162 2385 Hist.
1194 2354 1318 2385 Natur.
1343 2353 1412 2393 xl,
1435 2353 1491 2384 25.

214 2403 283 2434 Sed
309 2406 426 2433 tamen
448 2401 654 2432 felicissime
678 2402 762 2438 puto
783 2397 1002 2430 efformatum
1027 2399 1257 2438 vocabulum,
1282 2400 1433 2429 maxime
1456 2400 1493 2429 in

215 2449 278 2479 hac
305 2447 542 2478 membrorum
568 2446 819 2476 concinnitate.
865 2443 1149 2474 LINDEMANN.
1186 2461 1220 2466 —
1254 2445 1308 2474 De
1332 2451 1388 2473 vv.
1413 2450 1493 2473 mox

215 2501 313 2533 seqq.
327 2493 364 2522 in
377 2492 621 2523 adolescentia
634 2489 702 2518 vid.
721 2488 760 2519 ad
778 2489 904 2520 Μαι-ει.
931 2489 1006 2519 Vol.
1027 2488 1052 2518 1.
1070 2497 1148 2529 pag.
1164 2489 1242 2520 209.
1266 2488 1309 2519 Π.
1324 2487 1491 2528 pag.375.

78 2538 134 2572 47.
147 2555 182 2561 -
201 2537 234 2569 7.
260 2539 314 2569 his
337 2538 428 2568 terr
416 2545 449 2568 ιε
472 2537 645 2576 ereptum.
692 2533 835 2564 Curtius
860 2533 975 2575 Χ,5,
1002 2533 1054 2564 10.
1080 2535 1118 2564 in
1138 2534 1230 2575 flore
1252 2533 1387 2566 aetatis
1410 2541 1492 2565 ere-

212 2584 315 2624 ptam
338 2591 412 2613 esse
433 2580 539 2612 rebus
561 2579 738 2611 humanis.

83 2646 122 2657 .-
146 2628 256 2659 -15.
279 2627 472 2659 subactum
495 2641 537 2647 —-
562 2624 747 2655 iudicium.
790 2622 1192 2661 Cic.deorat.11‚30,
1218 2621 1293 2654 131.
1331 2622 1490 2654 Subacto

215 2673 303 2704 mihi
326 2672 468 2712 ingenio
497 2678 587 2710 opus
611 2670 680 2709 est,
705 2670 747 2699 ut
776 2677 870 2709 cast-o
904 2676 975 2699 non
1006 2668 1113 2698 semel
1149 2669 1270 2699 arato.
1301 2668 1416 2708 figura
1448 2669 1490 2699 ab

217 2725 308 2757 agro
337 2717 503 2756 deducta,
541 2716 600 2754 qui
631 2716 753 2744 aratro
784 2716 822 2744 et
849 2717 968 2744 rastro
1008 2712 1175 2744 mollitur.
1221 2713 1290 2744 Sed
1316 2714 1406 2744 hanc
1434 2713 1490 2744 lo-

217 2763 420 2802 quutionem
445 2762 576 2800 negant
608 2766 754 2798 usquam
785 2759 867 2797 poni
892 2765 1017 2797 posse,
1052 2759 1118 2788 nisi
1144 2758 1201 2789 ubi
1224 2762 1348 2798 aperta
1371 2759 1431 2790 fiat
1454 2761 1491 2788 et

217 2807 404 2843 manifesta
435 2807 517 2848 agri
547 2806 680 2836 mentio
709 2807 746 2836 et
768 2805 843 2835 eius
868 2810 946 2836 cum
976 2803 1118 2844 ingenio
1143 2805 1362 2844 comparatio
1385 2803 1490 2836 insti-

4 716 43 731 ,Ἀ
