1816 3233
841 194 1148 235 -166-

286 311 372 348 suis
401 314 442 347 et
469 310 605 346 amicis
636 319 725 346 eum
755 309 1018 345 invisentibus
1049 310 1225 345 suaviter
1267 311 1541 347 confabulatus
1585 313 1706 357 esset,

289 368 407 404 etad
436 377 596 402 coenam
637 366 674 402 ei
717 366 781 401 vel
822 376 940 412 sopor
978 367 1208 414 obreperet,
1250 365 1315 401 vel
1354 367 1541 414 cogitatio
1578 368 1709 403 minus

289 433 400 469 quam
440 426 557 458 antea
595 432 785 468 praesens
823 424 1045 470 constaret,
1094 421 1325 468 tempestive
1367 422 1415 457 ad
1455 423 1624 469 quietem
1664 433 1709 459 se

193 480 274 518 2⁸79
291 479 409 514 dedit.
466 480 500 514 E
531 488 606 524 qua
636 478 751 514 solito
784 479 998 520 maturius,
1032 488 1078 513 ae
1108 478 1231 524 primo
1263 477 1457 525 diluculo,
1496 480 1708 527 evigilans,

289 534 399 570 solus
423 531 616 580 surrexit,
647 535 748 581 quod
776 534 877 569 alias
908 534 1070 569 iuvante
1100 534 1247 570 famulo
1267 534 1451 582 faciebat,
1483 538 1522 570 et
1551 535 1590 570 in
1610 536 1710 571 sella

290 589 482 634 consedit,
513 590 648 626 dicens
679 591 756 626 sibi
786 591 915 626 minus
947 590 1046 626 bene
1077 600 1186 626 esse:
1228 590 1347 635 iubet,
1379 591 1564 626 maiorem
1593 591 1711 626 filiam

288 645 444 681 vocari:
474 646 575 682 haec
605 647 763 682 advolat
793 647 996 682 continuo:
1038 646 1105 682 ille
1146 647 1405 694 interroganti
1445 647 1499 682 nil
1539 655 1708 692 respon-

289 702 372 749 det,
403 703 503 748 quod
535 703 705 751 intelligi
735 706 891 749 posset:
921 705 1111 748 apparent
1141 703 1337 738 alienatae
1367 703 1508 738 mentis
1538 702 1710 739 indiciaz

290 759 411 795 verba
451 759 637 795 excidunt
675 760 845 805 Graeca,
883 759 1050 806 Latina,
1090 758 1166 794 alia
1206 769 1281 794 non
1320 759 1448 806 magis
1486 759 1708 795 intellecta:

291 818 388 850 nutu
418 815 675 860 manibusque
707 815 926 863 significat,
966 814 1069 850 velle
1107 825 1151 850 se
1191 815 1230 850 in
1260 815 1365 850 lecto
1396 814 1551 860 reponi:
1589 823 1709 861 repo-

292 871 410 917 nitur,
440 882 486 907 ac
517 871 606 907 dum
636 871 788 907 tollitur
826 881 873 907 ac
903 873 1169 918 transfertur,
1200 871 1376 907 ultimam
1407 871 1530 907 edidit
1559 880 1710 920 vocem,

291 927 524 974 significans
555 931 673 974 caput
701 927 778 963 sibi
809 927 962 963 dolere:
1005 927 1155 974 positus
1194 927 1314 963 iacuit
1344 927 1525 978 quietuS,
1567 928 1711 964 immo-

292 986 379 1027 tus,
419 984 505 1020 sine
535 993 673 1019 sensu:
715 986 823 1019 certe
853 993 994 1019 sensus
1033 983 1178 1018 indicia
1210 983 1316 1018 nulla
1346 985 1565 1020 exstabant.
1624 985 1714 1020 Ve-

291 1040 491 1076 nientibus
530 1049 620 1075 mox
666 1038 828 1075 medicis
881 1039 1008 1074 visum
1058 1039 1231 1074 remedia
1279 1038 1487 1074 adhihere:
1541 1039 1718 1076 adhibita

292 1105 381 1131 cum
421 1095 522 1141 alia,
563 1098 644 1131 tum
679 1095 941 1144 vesicatoria,
982 1098 1062 1130 tum
1102 1105 1194 1130 vero
1236 1094 1439 1131 hirudines
1477 1095 1717 1141 temporibus

292 1151 496 1200 admotae,
525 1152 670 1187 frustra
703 1151 876 1188 fuerunt.
937 1152 1020 1195 Quo
1061 1152 1242 1199 cognito,
1282 1151 1408 1186 visum
1449 1161 1523 1187 non
1567 1148 1715 1188 diutius

292 1211 474 1254 torquere
511 1207 750 1245 morientem.
816 1207 912 1253 Qui,
949 1211 990 1242 ut
1030 1209 1151 1243 semel
1189 1208 1229 1243 in
1278 1207 1378 1243 lecto
1425 1207 1578 1253 positus
1617 1210 1717 1256 erat,

292 1265 347 1301 ita
376 1275 446 1311 per
475 1264 575 1300 duos
605 1264 691 1300 dies
731 1263 907 1310 duasque
944 1266 1099 1309 noctes,
1137 1264 1176 1299 in
1217 1264 1316 1300 febri
1349 1265 1527 1310 quamvis
1557 1274 1714 1314 magna,

293 1324 422 1358 tamen
453 1320 493 1356 in
524 1323 685 1366 stupore
712 1323 762 1363 et,
797 1324 839 1356 ut
870 1320 1052 1366 diximus,
1084 1320 1171 1356 sine
1201 1324 1305 1357 motu
1332 1330 1532 1366 sensuque
1561 1320 1713 1368 iacens,

293 1377 358 1413 die
388 1377 539 1413 decimo
571 1380 707 1422 quarto
737 1375 857 1423 Maii,
890 1376 985 1412 hora
1015 1377 1242 1423 vespertina
1273 1377 1444 1422 decima,
1475 1377 1716 1424 exspiravit3

293 1436 338 1469 ut
367 1434 498 1485 plane,
525 1433 624 1479 quod
645 1433 692 1469 de
715 1433 865 1480 Gorgia
895 1435 1031 1481 fertur,
1054 1432 1093 1481 *J
1125 1444 1210 1470 eum
1242 1431 1365 1469 frater
1397 1433 1522 1480 fratri,
1553 1443 1714 1470 somnus

293 1491 420 1536 morti,
451 1490 606 1526 tradere
641 1489 854 1525 videretur.

408 1547 515 1592 Ergo
545 1546 611 1581 illa
642 1549 804 1582 naturae
836 1545 1010 1581 facilitas
1051 1548 1089 1581 et
1128 1543 1292 1591 εὐκολία,
1337 1556 1437 1592 quae
1475 1545 1715 1582 Ruhnkenio

294 1602 385 1638 fons
431 1612 578 1638 morum
624 1603 897 1648 actionumque
940 1602 1114 1650 exstitit,
1163 1602 1297 1638 eadem
1338 1599 1374 1639 ei
1415 1602 1464 1637 ad
1504 1606 1717 1639 extremum

295 1663 485 1706 perpetua
525 1659 601 1694 fuit
640 1659 745 1694 vitae
774 1669 924 1694 comes:
957 1659 1091 1694 eadem
1129 1658 1165 1694 ei
1208 1663 1246 1694 et
1286 1656 1491 1705 εὐθυμίας,
1532 1662 1571 1694 et
1611 1658 1717 1708 εὐγη-

296 1720 392 1765 ρίας,
426 1719 466 1751 et
495 1713 734 1758 εὖθαιιασίας,
766 1715 829 1750 vel
859 1715 1032 1751 adiutrix
1065 1715 1126 1750 vel
1157 1715 1335 1750 effectrix
1367 1715 1462 1750 suit:
1505 1715 1638 1750 eadem
1677 1717 1718 1750 et

198 1771 416 1809 ascvitam
459 1771 496 1806 ei
539 1771 727 1824 hilarem,
777 1774 814 1806 et
863 1775 1103 1806 senectutem
1158 1772 1425 1816 tranquillam,
1468 1774 1507 1807 et
1554 1773 1716 1807 mortem
1752 1802 1754 1804 .

296 1826 502 1873 placidam,
534 1826 713 1862 reddidit.
755 1827 818 1862 Ac
850 1827 898 1862 de
929 1830 1131 1862 senectute
1160 1827 1313 1872 quidem
1338 1837 1410 1862 sua
1442 1830 1594 1872 poterat
1614 1827 1717 1862 idem

295 1882 548 1930 praedicare,
591 1882 691 1928 quod
730 1883 900 1918 moriens
939 1882 1007 1918 ille
1038 1882 1138 1928 apud
1170 1883 1468 1928 Xenophontem
1483 1878 1540 1930 **)
1572 1884 1717 1928 Cyrus,

298 1939 403 1974 nulla
433 1949 517 1973 eam
548 1939 588 1974 in
620 1943 729 1983 parte
759 1939 1006 1978 infirmiorem
1048 1949 1137 1973 esse
1167 1939 1385 1974 iuventute.
1449 1939 1716 1975 sustentaba-

296 1997 360 2030 tur
390 1994 551 2038 iisdem,
595 1995 737 2039 quibus
766 1997 898 2037 antea,
940 1994 1100 2029 studiis:
1140 1994 1295 2042 integra
1327 1997 1410 2030 erat
1441 1994 1614 2040 corporis
1644 1995 1716 2030 fir-

296 2051 412 2087 mitas
443 2056 482 2086 et
512 2050 695 2100 agilitas,
739 2052 848 2086 acies
879 2051 1080 2086 oculorum
1121 2052 1348 2097 auriumque
1386 2051 1560 2099 integra:
1599 2050 1719 2086 menti

298 2107 505 2144 constabat
553 2111 591 2142 et
630 2106 783 2155 ingenii
822 2107 953 2150 acies,
1002 2111 1040 2142 et
1076 2108 1285 2143 memoriae
1321 2107 1441 2154 fides,
1491 2117 1564 2143 nec
1602 2107 1715 2143 modo

299 2163 524 2208 constabat,
560 2162 628 2198 sed
661 2164 879 2211 augebatur
909 2163 1006 2198 adeo
1037 2164 1264 2207 quotidiana
1293 2164 1557 2200 meditatione.
1617 2165 1717 2200 Por-

298 2229 355 2265 ro,
386 2230 486 2265 quae
512 2221 596 2255 sere
627 2229 794 2255 caussae
824 2219 925 2265 apud
957 2219 1164 2264 plerosque
1195 2221 1337 2256 obsunt
1376 2220 1553 2265 placidae
1591 2220 1717 2266 morti,

298 2276 473 2321 corporis
505 2276 679 2319 dolores,
720 2276 942 2312 sollicitudo
975 2276 1022 2310 de
1059 2286 1215 2311 suorum
1255 2277 1445 2319 fortunis,
1484 2279 1610 2312 metus
1648 2285 1717 2310 re-

298 2342 382 2367 rum
414 2336 502 2377 post
534 2332 634 2367 hanc
664 2333 806 2368 vitam:
837 2333 971 2368 harum
1003 2332 1041 2367 in
1086 2342 1172 2367 eum
1215 2332 1320 2368 nulla
1358 2332 1534 2368 cadebat.
1601 2331 1717 2367 Mor-

298 2388 387 2423 bum
419 2398 464 2422 ac
493 2387 648 2423 dolores
677 2389 745 2424 vix
775 2390 912 2424 sensit.
970 2390 1027 2424 De
1057 2398 1215 2424 suorum
1245 2388 1436 2431 fortunis,
1475 2387 1602 2424 animo
1642 2388 1718 2424 fuit

298 2444 443 2480 fidente
473 2448 513 2479 et
541 2455 693 2480 securo.
751 2445 918 2480 Mortem
950 2445 1238 2489 adventantem,
1270 2449 1312 2481 ut
1343 2449 1503 2480 naturae
1536 2444 1716 2480 necessi-

299 2502 417 2535 tatem
449 2500 591 2536 dudum
631 2504 761 2536 mente
798 2506 1065 2546 praeceptam,
1106 2502 1340 2547 tranquillus
1377 2501 1600 2546 tacitusque
1641 2511 1718 2536 ex-

299 2557 514 2602 spectabat.
565 2559 629 2605 Et,
660 2561 701 2594 ut
732 2558 768 2593 in
801 2558 890 2594 aliis
921 2558 1025 2593 vitae
1057 2557 1242 2605 negotiis,
1275 2558 1365 2604 quid
1395 2568 1481 2593 cras
1512 2560 1551 2593 et
1582 2560 1718 2603 postea

299 2653 332 2691 ⁸)
356 2654 550 2685 Notissima
582 2659 664 2687 sunt
696 2658 804 2688 verba
834 2658 988 2698 Gorgiae
1015 2657 1195 2687 Leontini:
1222 2652 1313 2698 Ἤδη
1337 2669 1377 2696 με
1403 2654 1420 2688 ὁ
1446 2653 1551 2692 ἵππιος
1574 2655 1719 2701 ἄρχεται

369 2699 730 2741 παοακατατὶθεσθαι
754 2701 919 2742 radda&-
969 2702 1058 2732 Aeh
1062 2710 1106 2731 ιι]
1133 2702 1215 2732 Vm·
1242 2702 1331 2733 nist.
1357 2702 1398 2739 ΙΙ,
1423 2703 1477 2734 35.
1502 2703 1575 2734 FR-

301 2742 346 2782 *)
370 2743 738 2823 ΟέἷοῃῆεάὶῖξζῊΙΙ,
764 2749 798 2789 7,
822 2749 854 2778 3
882 2754 981 2787 quem
1014 2747 1130 2778 locum
1162 2750 1335 2780 memorat
1365 2747 1494 2781 Cicero
1527 2747 1570 2780 de
1601 2747 1718 2780 Sene-

370 2796 390 2821 c
408 2797 428 2820 u
445 2796 465 2821 e
490 2797 554 2831 cap
