1816 3233
650 175 956 215 -123—

112 292 227 329 etiam
255 289 402 327 laboris
432 289 706 326 exantlandum
737 287 776 324 in
808 288 1076 336 expurgandis
1106 288 1194 324 istis
1224 288 1428 334 sordibus3
1460 293 1522 324 ta-

111 359 199 385 men
228 347 368 382 lubens
400 346 583 393 perrexit,
623 344 862 392 cogitatione
902 345 1081 380 beneficii
1120 345 1158 380 in
1191 345 1344 380 Literas
1383 346 1523 380 confe-

114 403 241 452 rendi,
281 412 356 448 quo
394 401 583 438 studiosis
625 410 755 436 earum
795 399 1064 446 provideretur
1103 404 1140 436 et
1180 403 1395 436 caveretur.
1467 402 1525 436 De

67 467 69 470 ·
114 468 190 505 quo
221 458 408 494 beneficio
438 458 515 503 ipsi
542 455 765 503 propediem
805 455 984 491 iudicare
1015 459 1195 500 poterunt
1234 457 1367 492 harum
1398 466 1525 492 rerum

112 513 241 560 periti,
267 524 383 559 quum
422 513 534 563 liber,
573 512 673 558 quod
715 511 824 547 brevi
866 513 951 546 fore
994 521 1209 558 speramus,
1240 523 1260 547 e
1291 513 1526 560 chalcogra-

115 571 208 616 phia
238 569 516 615 Honkoopiana
544 568 582 604 in
615 568 809 613 publicum
842 567 991 603 exierit.
1004 563 1044 613 *J

227 626 319 662 Fuit
347 625 415 661 hic
443 628 641 660 extremus
672 623 719 658 ab
750 633 796 659 eo
829 623 975 659 Literis
1006 623 1161 668 publice
1192 627 1356 659 navatus
1397 623 1527 659 labor:

114 692 225 728 quem
267 681 472 728 quominus
511 680 578 715 alii
609 682 865 725 sequerentur
903 679 1068 725 labores,
1109 682 1261 724 praeter
1299 682 1528 715 memoratas

114 747 292 784 caussas,
323 737 398 772 alia
427 737 611 773 accessit.
673 735 817 772 Adhuc
847 735 946 770 bene
985 735 1152 781 valebat,
1189 739 1227 770 et
1268 736 1424 770 fortuna
1454 745 1527 770 sua

114 796 343 828 contentus:
375 793 535 840 vigebat
563 795 704 838 mente,
732 791 873 842 auium,
903 790 1100 836 sensibus,
1141 791 1395 836 omnibusque
1436 801 1528 826 cor-

117 849 223 894 poris
261 848 415 884 officiis.
475 848 572 883 Inde
612 848 660 882 ab
699 857 799 882 armo
836 848 976 882 aetatis
1015 847 1266 894 sexagesimo
1307 848 1529 883 tentabatur

115 904 199 939 fere
230 903 435 948 quotannis
466 912 535 948 per
564 903 709 947 aliquot
748 902 832 937 dies
865 902 1088 949 podagricis
1128 906 1165 937 et
1196 903 1431 950 chiragricis
1461 904 1528 938 af-

115 958 372 995 fectionibus:
412 958 552 1004 quibus
590 958 681 993 licet
722 958 816 993 illud
856 957 961 992 effici
1002 957 1215 1003 videretur,
1254 961 1296 992 ut
1335 958 1528 1003 reliquum

115 1018 267 1060 tempus
298 1024 344 1050 eo
374 1014 522 1050 rectius
552 1014 723 1056 valeret3
755 1017 879 1049 tamen
903 1013 1085 1059 paulatim
1118 1013 1255 1048 dextra
1285 1023 1423 1049 manus
1455 1013 1530 1048 de-

114 1070 351 1115 bilitabatur,
405 1072 447 1105 ut
485 1070 524 1105 in
566 1069 650 1105 dies
697 1070 821 1116 magis
868 1069 1066 1105 scribendi
1109 1069 1279 1104 officium
1318 1072 1532 1113 recusaret,

118 1136 192 1161 nec
219 1125 258 1160 id
291 1125 366 1160 nisi
394 1125 559 1160 tremula
589 1128 627 1160 et
657 1125 775 1160 multo
806 1125 964 1171 negotio
1005 1128 1222 1172 perageret.
1283 1125 1391 1167 Quae
1421 1125 1532 1160 diffi-

117 1180 246 1216 cultas
276 1184 458 1225 quantum
488 1180 752 1225 impedimenti
783 1181 957 1215 attulerit
985 1180 1141 1226 studiis,
1181 1190 1280 1226 quae
1310 1190 1384 1216 non
1421 1180 1532 1216 modo

117 1234 320 1282 ingenium
350 1238 389 1270 et
417 1235 566 1281 oculos,
597 1235 665 1270 sed
699 1246 848 1270 manum
880 1240 917 1271 et
948 1236 1136 1270 calamum
1169 1238 1366 1281 exercent,
1403 1246 1531 1280 quan-

120 1294 276 1337 tumque
311 1290 511 1326 scribendi
550 1301 636 1326 cum
681 1290 869 1326 facultate
907 1291 1145 1325 voluntatem
1185 1290 1381 1338 minuerit,
1421 1301 1532 1327 nemo

119 1356 196 1382 non
224 1346 426 1394 intelligit.
487 1346 573 1383 Nec
603 1346 838 1382 edendorum
869 1355 982 1391 porro
1010 1346 1192 1381 librorum
1224 1346 1427 1382 consilium
1459 1357 1533 1392 pe-

121 1402 228 1438 nitus
265 1402 492 1438 abiiciebat:
533 1402 601 1437 sed
633 1402 814 1449 legendo,
854 1405 893 1438 et
935 1402 1059 1447 quoad
1100 1405 1249 1447 poterat
1289 1402 1534 1448 excerpendo

120 1461 160 1493 et
186 1458 406 1494 annotando
445 1458 619 1503 quotidie
649 1458 860 1504 pergebat3
904 1457 939 1493 si
968 1459 1069 1493 forte
1108 1468 1243 1493 manus
1283 1458 1331 1492 ad
1362 1454 1626 1494 officium207

121 1513 309 1559 reditura,
359 1516 425 1549 aut
475 1514 562 1560 ipse
601 1514 796 1549 literatum
845 1514 1036 1549 hominem
1080 1517 1217 1549 nactus
1257 1517 1374 1559 esset,
1421 1514 1534 1550 cuius

123 1579 239 1605 manu
280 1571 468 1606 uteretur.
535 1569 596 1606 Ita
634 1573 842 1615 sequentes
883 1569 986 1616 anni,
1041 1572 1233 1604 caeterum
1274 1570 1320 1603 ad
1363 1573 1534 1605 veterem

125 1625 456 1668 consuetudinem,
491 1625 676 1660 transacti
714 1628 826 1660 sunt:
875 1635 923 1660 ex
960 1625 1100 1669 quibus
1143 1624 1306 1670 proximi
1348 1625 1534 1670 deinceps

125 1680 201 1716 duo
240 1680 384 1729 (1793.
423 1684 462 1716 et
503 1678 649 1726 1794.)
679 1681 850 1716 luctuosi
892 1682 1050 1716 fuerunt
1081 1684 1119 1715 et
1158 1680 1247 1726 ipsi,
1287 1683 1325 1715 et
1352 1681 1460 1726 mihi,
1496 1684 1535 1715 et

125 1736 219 1771 huic
248 1736 498 1781 Academiae,
529 1740 568 1772 et
597 1736 755 1788 Literis,
786 1736 890 1772 obitu
922 1736 1171 1782 egregiorum
1207 1736 1378 1781 mihique
1410 1736 1535 1772 caris-

125 1792 306 1827 simorum
337 1792 544 1836 hominum,
575 1792 816 1827 Schultensii
846 1802 892 1827 ac
922 1791 1202 1836 Nieuwlandii‚
1234 1801 1392 1837 quorum
1434 1802 1535 1828 neu-

119 1849 222 1883 trum
253 1855 329 1894 ego
619 1848 625 1853 '

797 1904 893 1939 meis

401 1958 558 1995 chartis
586 1959 802 1994 inornatum
836 1958 1012 2004 sileri**)

126 2015 188 2050 fas
217 2015 312 2051 mihi
342 2015 464 2058 duco,
507 2014 582 2049 fuit
613 2016 775 2058 uterque
812 2015 887 2049 mei
918 2013 1224 2063 amantissimus,
1270 2017 1433 2059 uterque
1472 2015 1538 2050 in-

127 2071 244 2117 genio
275 2070 479 2114 animoque
508 2070 702 2115 integrum
735 2069 1076 2114 incorruptumque
1097 2072 1257 2104 naturae
1287 2080 1409 2115 opus;
1440 2071 1538 2107 adeo

133 2125 186 2160 nil
208 2136 382 2171 parvum,
415 2125 572 2171 humile,
599 2124 786 2169 invidum,
819 2125 869 2160 nil
902 2126 978 2160 nisi
1009 2136 1160 2172 sanum,
1192 2120 1428 2172 benivolum,
1465 2127 1538 2161 ha·-

129 2181 290 2217 bebant:
321 2191 494 2227 prorsus,
522 2184 566 2216 ut.
594 2180 694 2215 idem
726 2180 780 2214 ait
811 2185 935 2226 poeta,

395 2237 557 2281 animae,
588 2236 724 2280 quales
757 2246 880 2280 neque
911 2235 1157 2271 candidiores

187 2293 311 2329 Terra
340 2292 442 2339 tulit,
473 2302 601 2337 neque
632 2291 743 2336 queis
774 2301 833 2326 me
864 2291 915 2326 sit
946 2291 1162 2327 devinctior
1193 2289 1387 2340 alter.**⁶)

126 2410 157 2448 ⁴)
180 2412 327 2443 Factum
360 2412 426 2442 hoc
458 2419 538 2442 esse
572 2414 709 2441 constat
743 2413 795 2448 [a.
823 2411 941 2449 1799]
992 2411 1091 2443 Libri
1124 2416 1238 2443 autem
1276 2420 1317 2443 ea
1351 2416 1405 2443 est
1440 2422 1541 2453 prae-

175 2459 317 2495 stantia,
355 2456 387 2486 id
414 2456 505 2495 quod
530 2457 606 2492 ipse
630 2459 796 2494 expertus
822 2464 910 2495 sum,
944 2462 991 2493 ut,
1026 2457 1114 2496 quod
1151 2457 1233 2487 inde
1257 2459 1292 2487 in
1319 2465 1451 2496 eorum,
1485 2461 1542 2498 qui

172 2502 267 2532 inter
302 2504 481 2531 nostrates
508 2499 653 2530 Latinas
685 2501 822 2530 litteras
859 2501 1007 2537 discunt,
1042 2503 1260 2532 commodum
1298 2504 1543 2539 transferatur.

172 2546 262 2577 haud
296 2547 459 2585 exiguum
490 2546 574 2575 mibi
598 2546 710 2574 visum
746 2546 803 2575 sit.
853 2545 943 2582 Quid
968 2548 1149 2577 recentior
1182 2547 1290 2577 lexici
1313 2548 1542 2578 schelleriaui

175 2590 291 2621 editor
315 2597 358 2620 ex
383 2591 445 2621 illo
471 2590 563 2620 libro
590 2591 622 2619 in
647 2597 747 2619 suum
774 2592 939 2632 verterit,
975 2598 1044 2621 non
1070 2591 1182 2622 habeo
1208 2591 1338 2622 dicere.
1388 2592 1544 2622 LlNDE-

173 2634 316 2665 MANN.

130 2689 176 2726 ’Ἴ
200 2690 324 2720 Horat.
349 2689 464 2720 Carni.
493 2690 550 2720 lv.
575 2690 608 2724 9,
632 2688 687 2719 30.

129 2741 192 2781 ⁸”)
217 2746 335 2776 Horat.
363 2748 433 2776 Sat.
462 2745 487 2782 Ι,
514 2748 548 2784 5,
574 2745 627 2774 42.
