1833 3237
835 201 1120 243 ἡ58,.

277 321 528 365 Gronovium‚
562 317 759 365 vossium,
789 317 1036 365 salmasium,
1067 318 1391 367 scaligerum,*j
1421 322 1690 359 innumerabi-

279 376 337 412 les
368 376 465 411 alios
506 375 543 410 in
583 383 654 408 suo
686 383 876 419 quemque
905 384 1053 422 genere
1083 374 1299 419 principes:
1339 376 1481 421 quibus
1521 381 1559 414 ct
1590 389 1687 424 pru-

278 430 497 467 dentissimi
528 429 644 464 huius
674 429 731 465 rei
763 430 942 474 publicae
971 433 1167 478 rectores,
1208 433 1253 465 etr
1279 431 1369 467 boni
1399 431 1508 468 cives
1538 443 1686 476 omnes,

281 487 403 522 veluti
441 485 611 532 insignis
649 485 853 532 beneficii,
899 495 1066 532 magnas
1107 486 1327 522 habuerunt
1363 488 1535 535 gratias,
1585 490 1688 536 quod

279 542 376 576 hanc
407 541 534 586 potius
565 551 678 586 quam
708 541 821 576 aliam
854 545 1015 588 terram,
1054 541 1120 577 ubi
1152 543 1372 578 habitarent
1402 546 1441 579 et
1470 544 1687 582 doctrinam

276 606 387 632 suam
407 597 662 643 explicarent,
693 597 921 644 elegissent.
977 598 1054 633 Sed
1084 597 1205 643 istud,
1235 598 1421 644 quidquid
1453 603 1525 645 est,
1554 601 1593 636 in
1615 612 1689 647 pe-

276 653 459 699 regrinos
499 653 688 698 convicii,
729 653 873 699 quippe
903 665 977 690 non
1010 653 1084 688 nisi
1122 654 1161 689 in
1191 654 1372 690 illiberali
1412 656 1530 704 vulgo
1560 657 1690 692 iacta-

278 712 369 756 tum,
401 718 474 744 nec
502 709 677 745 auditum
707 709 745 744 in
772 709 1055 757 elegantiorum
1088 709 1432 756 humaniorumque
1471 715 1691 748 consuetu-

274 764 368 800 dine
399 764 607 811 hominum,
637 765 869 810 quibuscum
901 766 1059 801 vivebat
1089 765 1364 814 Ruhnkenius,
1394 767 1480 812 ipse
1510 778 1583 804 nec
1611 779 1688 804 au-

274 820 417 864 diebat,
451 831 522 856 nec
552 822 785 858 morabatur.

389 877 670 922 Ruhnkenius,
713 879 754 912 ut
783 876 823 912 in
854 876 1000 912 Literis
1030 875 1182 913 Latinis
1215 877 1380 925 egregie
1410 880 1606 925 versatus,
1635 877 1692 914 li-

274 936 335 968 cet
368 932 591 978 Scriptores
623 933 784 968 Latinos
815 942 949 969 omnes
981 935 1096 968 antea
1126 933 1307 980 legisset,
1338 936 1479 977 tamen,
1512 934 1587 970 hac
1616 945 1685 970 su-

276 992 413 1034 scepta
443 988 710 1035 professione,
741 989 878 1024 iterum
910 999 933 1023 a
963 989 1084 1034 primo
1115 988 1161 1023 ad
1193 993 1425 1034 postremum
1457 1000 1591 1025 omnes
1621 1000 1691 1025 re-

277 1044 375 1090 legit
419 1048 458 1079 et
505 1045 726 1090 excerpsit,
773 1044 957 1080 adhibitis
1006 1044 1414 1080 animadversionibus
1461 1055 1534 1080 non
1580 1045 1690 1080 modo

276 1099 478 1136 Editorum
509 1100 577 1134 sed
610 1103 647 1134 et
678 1102 919 1136 caeterorum
949 1100 1202 1145 interpretum
1235 1110 1283 1135 ex
1303 1101 1574 1150 grammatico,
1607 1102 1691 1137 cri-

276 1155 380 1204 tico,
428 1155 646 1200 antiquario
691 1165 860 1202 genere,
900 1156 1092 1201 omnium3
1146 1160 1189 1191 ut
1233 1160 1414 1202 quantam
1453 1157 1691 1193 Graecarum

275 1211 527 1259 collegisset,
572 1215 719 1246 tantam
757 1211 849 1247 item
889 1212 1095 1259 colligeret
1126 1212 1351 1248 Latinarum
1382 1213 1530 1258 copiam
1561 1216 1689 1249 mate-

202 1264 260 1302 95
277 1268 449 1313 riemque
487 1267 719 1303 Literarum.
777 1269 827 1304 Et
865 1268 939 1304 hoc
975 1269 1060 1304 fere
1096 1267 1166 1303 otii
1205 1268 1241 1304 ei
1269 1268 1394 1304 instar
1433 1272 1515 1305 erat
1544 1272 1583 1304 et
1621 1279 1689 1306 re-

275 1322 498 1359 laxationis.
557 1324 653 1360 Nam
686 1324 950 1360 necessarium
981 1327 1020 1360 et
1039 1323 1303 1370 quotidianum
1333 1335 1432 1370 opus
1458 1328 1542 1360 erat
1567 1308 1691 1360 sch'o-

275 1380 333 1415 las
374 1390 448 1415 non
489 1380 613 1415 solum
654 1379 821 1426 habere,
861 1381 931 1416 sed
969 1380 1019 1416 iis
1061 1381 1177 1416 ctiam
1215 1381 1405 1417 habendis
1445 1381 1593 1417 dictata
1622 1380 1688 1417 iu-

275 1440 451 1471 struere:
482 1435 599 1481 idque
629 1436 825 1472 factitavit
856 1436 991 1472 eodem
1023 1446 1099 1482 quo
1129 1440 1245 1472 antea
1274 1438 1312 1473 in
1345 1438 1509 1473 Graecis
1540 1437 1687 1473 scholis

274 1492 440 1528 consilio
479 1492 678 1537 modoque.
749 1493 864 1528 Nunc
904 1493 1046 1538 triplex
1082 1496 1165 1528 erat
1203 1490 1465 1539 pensum:**)
1514 1493 1689 1529 Historia

274 1548 542 1585 Universalis:
573 1547 843 1594 Antiquitates
874 1550 1092 1586 Romanae:
1123 1549 1311 1584 Auctoris
1332 1548 1462 1584 Latini
1491 1549 1689 1593 interpre-

273 1604 383 1650 tatio,
414 1614 490 1649 qua
520 1605 604 1639 fere
635 1604 895 1650 Eloquentiae
926 1614 1067 1639 munus
1098 1615 1145 1640 ac
1175 1614 1311 1640 nomen
1342 1605 1589 1640 censebatur.

384 1661 429 1697 In
453 1660 629 1697 Historia
658 1660 846 1696 tradenda
877 1663 1038 1696 secutus
1069 1663 1129 1696 est
1159 1660 1377 1706 exemplum
1408 1660 1540 1697 Iacobi
1572 1660 1689 1697 Peri-

273 1715 394 1762 zonii,
423 1727 509 1752 cum
539 1716 578 1751 in
609 1716 710 1751 omni
741 1716 959 1752 Litcrarum
991 1726 1138 1764 genere
1169 1717 1300 1763 magni
1330 1717 1419 1763 viri,
1449 1720 1488 1753 et
1517 1716 1690 1765 insignis

273 1782 405 1807 earum
435 1771 475 1807 in
505 1771 578 1806 hac
607 1770 827 1808 Academia
862 1772 1023 1807 ineunte
1062 1772 1137 1806 hoc
1174 1772 1335 1807 saeculo
1373 1772 1570 1818 doctoris,
1607 1776 1688 1808 tum

272 1827 312 1863 in
344 1827 479 1874 primis
512 1827 684 1862 Historia
715 1827 917 1863 tractanda
947 1827 1212 1871 tradendaque
1243 1827 1394 1863 laudem
1425 1828 1525 1873 apud
1564 1827 1688 1864 intel-

274 1882 560 1932 ligentissimos
590 1883 743 1920 iudices
774 1883 920 1929 adepti.
980 1884 1065 1919 Hae
1086 1883 1268 1929 Scholae,
1297 1887 1339 1918 ut
1369 1894 1452 1919 mos
1483 1886 1568 1919 erat
1595 1884 1688 1919 inde

273 1950 295 1976 a
325 1940 441 1988 longo
481 1942 672 1985 tempore,
715 1942 895 1984 tanquam
938 1939 1191 1974 fundamento
1233 1941 1605 1984 superstruebantur
1634 1940 1690 1975 li-

274 1997 374 2033 bello
395 1995 621 2041 Tursellini,
655 1995 953 2041 probatissimae
984 1994 1138 2040 quidem
1169 1994 1235 2030 illo
1268 1995 1494 2031 Latinitatis
1525 1997 1563 2031 et
1594 2005 1688 2030 ora-

271 2053 414 2097 tionis,
452 2052 520 2088 sed
559 2052 599 2087 in
630 2052 779 2087 ratione
819 2054 858 2086 et
888 2051 1051 2086 materia
1082 2061 1158 2085 non
1189 2051 1279 2086 item
1311 2051 1526 2097 probando.
1586 2053 1687 2088 Eum

274 2109 452 2154 sequitur
489 2108 685 2153 ordinem,
730 2109 773 2142 ut
806 2107 969 2152 primum
1009 2116 1072 2141 res
1110 2106 1291 2142 Iudaicas
1323 2110 1454 2143 narret
1483 2117 1607 2152 usque
1636 2106 1688 2143 ad

271 2169 427 2210 tempus
458 2163 639 2200 conditae
677 2163 785 2199 urbis
825 2163 997 2209 Romae,
1039 2161 1181 2197 deinde
1221 2164 1438 2208 Romanas,
1477 2173 1687 2208 earumque

270 2221 442 2266 spatium
492 2231 539 2255 ae
587 2229 724 2255 nomen
774 2219 974 2254 continuet
1025 2228 1092 2263 per
1127 2218 1339 2254 Caesarum
1380 2217 1686 2262 Byzantinorum

276 2277 550 2312 successiones
590 2275 636 2310 ad
679 2275 862 2311 Carolum
901 2274 1115 2322 Magnum,
1151 2273 1319 2319 indeque
1357 2284 1424 2320 per
1460 2273 1687 2310 Occidentis

273 2333 489 2377 Caesares,
530 2330 583 2366 uti
622 2332 712 2367 item
744 2334 958 2378 vocantur,
996 2330 1043 2365 ad
1083 2330 1296 2366 novissima
1326 2333 1509 2376 tempora.
1569 2329 1686 2366 Reli-

275 2474 307 2512 ’)
331 2475 486 2515 Namque
519 2476 592 2505 Pet.
628 2474 888 2515 Il‘esselinyins
921 2476 1066 2513 patriam
1099 2474 1220 2504 habuit
1251 2473 1524 2510 §temtor-diam,
1563 2472 1685 2502 urbem

323 2520 588 2558 VVcstphaliae3
612 2520 662 2550 lo.
680 2519 813 2558 Georg.
833 2519 1017 2550 Graevius
1034 2519 1273 2558 Numburgum
1297 2518 1342 2548 ad
1359 2519 1494 2556 Salam3
1523 2517 1571 2548 [o.
1588 2517 1685 2548 Frid.

320 2564 527 2595 Gronovius
545 2565 800 2603 Hamburgum;
823 2564 996 2595 Gerliard.
1018 2564 1066 2594 lo.
1093 2563 1235 2594 Vossius
1252 2563 1542 2603 Heidelbergmn3
1561 2561 1685 2592 Claud.

322 2609 523 2639 Salmasius·
539 2610 755 2646 (saumaise)
775 2610 972 2639 Semurium
996 2608 1072 2639 urb.
1087 2607 1245 2643 Galliae5
1266 2608 1402 2646 Ioseph.
1420 2608 1501 2638 lust.
1515 2605 1686 2646 Scaliyer

315 2653 432 2693 ¹(della
455 2653 573 2694 scala)
600 2655 783 2694 Ageuuum
808 2662 835 2684 s.
863 2654 1035 2693 Aginnum
1062 2652 1254 2684 Gallorum.
1303 2653 1377 2683 FR.

273 2698 323 2738 ⁸')
346 2698 609 2730 Accedentibus
633 2701 779 2737 iusuper
806 2699 938 2729 biteris
963 2697 1131 2735 Graecis,
1164 2705 1309 2737 quarum
1345 2700 1382 2726 ut
1405 2698 1511 2726 antea
1543 2696 1685 2731 Lector,

320 2745 371 2774 ita
395 2751 486 2774 nunc
509 2743 714 2774 Latinarum
739 2744 942 2781 Professor,
975 2746 1091 2773 tamen
1117 2741 1158 2772 ad
1186 2742 1442 2773 Hemsterliusii
1467 2742 1600 2772 obitum
1627 2749 1686 2772 us-

322 2795 389 2828 que
414 2791 584 2827 perpetuo
609 2788 755 2818 scholas
781 2788 911 2819 habuit.
960 2786 1191 2819 BERGMAN.
