1816 3233
838 178 1132 218 -124-

399 290 691 331 Schultensium
707 289 747 338 *J
773 293 882 337 pater
903 293 932 329 Ι.
955 292 1132 337 Iacobus,
1149 291 1510 339 Lugdunobatavus
1531 293 1697 329 Profes-

286 358 362 395 sor,
393 351 496 386 filius
536 348 668 394 magni
711 347 818 383 illius
848 348 1003 384 Alberti
1041 347 1298 394 Schultensii,
1337 348 1493 384 unicum
1531 350 1698 386 habebat

287 408 428 452 natum,
460 412 624 449 eumque
653 404 729 440 iam
758 404 806 439 ab
836 404 1097 449 incunabulis,
1135 403 1170 438 si
1207 413 1270 438 res
1306 403 1361 439 ita
1395 405 1528 451 ferret,
1570 405 1698 440 desti-

285 461 402 496 nabat
431 460 667 496 domesticae
685 460 900 497 Literarum
924 459 1179 495 Orientalium
1208 459 1315 494 laudi
1333 460 1513 497 tuendae.
1573 463 1699 497 Puero
1735 462 1748 474 ’“

284 515 468 562 egregios
497 515 539 551 in
569 516 668 552 omni
697 526 845 564 genere
873 512 1052 552 adhibuit
1079 515 1304 562 magistros,
1337 525 1411 550 non
1442 525 1581 563 magno
1611 527 1699 552 cum

284 572 433 607 fructu:
464 572 600 607 sinens
631 582 716 608 eum
747 571 865 620 genio
895 572 1071 617 obsequi,
1109 582 1155 606 ac
1192 571 1346 606 discere
1386 575 1569 616 quantum
1607 573 1697 608 vel-

283 626 346 672 let,
377 637 452 662 non
483 630 665 673 quantum
697 632 850 673 posset3
881 632 989 663 ratus
1020 626 1218 663 liberalius
1248 626 1438 675 habitum,
1475 637 1547 662 nec
1576 638 1696 663 seve-

184 678 263 715 208
279 693 347 718 rae
375 682 603 730 disciplinae
632 684 875 732 adstrictum,
906 693 1119 730 progressu
1152 683 1289 718 aetatis
1317 686 1452 727 sponte
1481 683 1521 718 in
1552 686 1698 719 rectam

280 738 495 775 studiorum
526 740 629 775 viam
658 741 941 787 ingressurum.
1002 740 1088 775 Nec
1125 749 1217 784 spes
1247 749 1334 774 eum
1364 739 1522 776 fefellit..
1579 738 1696 774 Ado-

281 794 518 831 lescentulus
558 806 645 831 mox
682 793 811 831 laudis
849 795 1125 840 doctrinaeque
1162 804 1292 829 amore
1322 803 1549 842 percussus,
1589 794 1697 829 dedit

280 861 324 886 se
353 851 400 886 ad
440 851 662 887 inchoatum
706 852 922 887 Literarum
961 861 1058 896 opus
1100 850 1424 899 persequendum,
1462 851 1695 886 Graecarum

281 907 617 953 Romanarumque
656 907 820 942 ducibus
852 906 1114 942 Valckenario
1154 909 1192 941 et
1223 906 1470 951 Ruhnkenio,
1509 905 1696 942 Orienta-

280 963 368 998 lium
401 967 524 1008 patre.
582 964 627 998 In
657 963 718 998 his
758 964 865 999 brevi
905 966 1032 998 tantos
1064 962 1159 997 fecit
1189 970 1438 1008 progressus,
1478 964 1519 996 ut
1551 961 1696 1009 viginti

280 1021 317 1054 et
354 1022 517 1063 quatuor
565 1029 686 1054 anuos
734 1021 869 1064 natus,
922 1029 1052 1054 earum
1099 1018 1140 1052 ei
1189 1017 1372 1052 cathedra
1411 1016 1695 1053 Amstelodaml

279 1070 620 1121 mandaretur:**)
651 1085 764 1119 quam
806 1084 874 1119 per
915 1084 986 1108 sex
1027 1083 1149 1108 annos
1189 1072 1330 1120 tenuit,
1374 1072 1696 1107 coniunctissime

277 1139 427 1165 mecum
467 1130 617 1165 vivens.
677 1129 776 1166 Hinc
817 1129 916 1174 patri
958 1132 1106 1164 mortuo
1144 1137 1353 1163 successor
1382 1127 1696 1174 Lugdunumba-

277 1189 455 1221 tavorum
485 1185 701 1232 traductus,
742 1185 897 1220 easdem
929 1185 1083 1220 Literas
1125 1184 1299 1220 docendo
1340 1184 1505 1231 egregie
1544 1186 1694 1219 tutatus

279 1245 362 1277 est:
394 1245 433 1276 et
462 1241 603 1276 avitam
635 1242 799 1287 gloriam
831 1244 1053 1287 aequasset,
1085 1240 1118 1275 si
1148 1240 1363 1287 longiorem
1395 1239 1432 1274 ei
1466 1238 1589 1274 vitam·
1613 1240 1692 1274 fata

278 1296 600 1332 concessissent.-
640 1298 742 1332 Raro
782 1296 943 1342 quodam
974 1300 1132 1331 naturae
1164 1305 1338 1344 munere,
1380 1295 1495 1330 simul
1527 1294 1694 1329 babebat

278 1355 483 1398 utrumque
501 1352 613 1395 illud,
641 1347 749 1389 εἶναι
778 1350 852 1389 καὶ
883 1349 1034 1390 δοκεῖν.
1094 1353 1137 1387 In
1160 1351 1268 1386 vultu
1289 1354 1327 1386 et
1357 1350 1481 1386 oculis
1502 1360 1693 1395 expressa

278 1412 360 1444 erat
391 1408 508 1444 animi
539 1408 727 1454 probitas,
764 1407 1006 1455 magnitudo,
1042 1406 1321 1455 benivolentia,
1361 1409 1399 1442 et
1440 1406 1584 1441 nullius
1616 1415 1691 1441 nou

278 1465 436 1500 virtutis
467 1458 716 1512 significatio:
749 1464 917 1507 habitus,
949 1468 1100 1510 gestus,
1140 1467 1279 1508 motus,
1322 1462 1526 1507 plurimum
1559 1462 1686 1496 habe-

277 1521 341 1555 bat
371 1520 540 1557 decoris.
603 1519 827 1555 Accedebat
847 1521 1063 1555 acerrimus
1085 1519 1209 1563 pulcri
1233 1518 1392 1563 verique
1411 1527 1564 1560 sensuS,
1595 1517 1692 1552 mira

276 1577 438 1611 comitas
481 1580 518 1611 et
545 1576 768 1621 affabilitas,
810 1585 882 1610 nec
921 1576 1044 1611 minor
1082 1574 1273 1610 sermonis
1304 1575 1460 1618 orisque
1491 1583 1691 1608 commen-

276 1631 399 1677 dati03
432 1632 558 1667 omnia
590 1642 612 1666 a
646 1635 785 1667 natura
822 1632 982 1679 tributa,
1024 1631 1078 1666 nil
1117 1631 1246 1665 studio
1277 1630 1509 1675 quaesitum.
1566 1629 1692 1676 Igitur

277 1688 390 1733 pauci
439 1688 608 1730 fuerunt,
659 1688 724 1732 qui
771 1687 834 1722 vel
875 1688 1058 1723 docentes
1101 1686 1164 1721 vel
1204 1686 1381 1722 dicentes
1422 1686 1567 1721 maiore
1605 1694 1691 1720 cum

276 1745 475 1790 voluptate
512 1748 548 1779 et
586 1743 785 1779 facultatis
832 1744 1014 1788 opinione
1057 1743 1305 1778 audirentur:
1355 1742 1483 1786 pauci,
1530 1750 1692 1786 quorum

276 1800 455 1845 privatim
505 1799 694 1834 sodalitas
741 1802 779 1833 et
817 1799 1060 1833 consuetudo
1107 1798 1227 1843 vulgo
1266 1798 1394 1843 magis
1432 1799 1691 1841 expeteretur.

278 1856 386 1892 Unde
417 1858 573 1900 factum,
604 1858 645 1889 ut
677 1853 819 1889 Literis
850 1853 1032 1888 destinati
1071 1852 1140 1888 otii
1171 1852 1354 1887 nonnulla
1393 1862 1483 1897 pars
1514 1851 1549 1886 ei
1581 1850 1691 1895 peri-

182 1917 261 1951 209
276 1917 344 1953 ret,
376 1914 565 1956 occupata
595 1908 915 1945 extraordinariis
946 1909 1112 1952 officiis;
1144 1918 1276 1954 quum,
1307 1918 1376 1952 per
1396 1911 1556 1942 naturae
1585 1907 1690 1941 libe-

278 1968 484 2010 ralitatem,
515 1965 640 2010 ipsius
671 1964 825 2010 cupidis
856 1974 903 1999 ac
941 1964 1171 2011 rogantibus
1210 1963 1351 1998 deesse
1382 1962 1509 1999 nollet.
1568 1962 1689 2005 Quam

277 2111 307 2147 ⁸)
333 2109 387 2140 Cf.
415 2109 458 2139 de
482 2117 525 2140 eo
549 2116 657 2148 supra
680 2116 759 2149 pag.
787 2108 862 2139 175.
889 2107 942 2138 ed.
969 2115 1022 2145 pr.
1073 2106 1144 2138 FR.

275 2176 317 2213 '')
343 2175 598 2215 Con-rigentium
632 2176 720 2206 nato
753 2191 796 2195 -—
821 2174 875 2205 ei:
915 2177 951 2204 ut
983 2175 1017 2203 in
1043 2173 1157 2203 altera
1189 2173 1348 2204 editione
1382 2173 1556 2204 facturum
1580 2172 1690 2203 fuisse

321 2221 646 2259 §Vytteubacliium
673 2228 741 2250 non
767 2223 819 2249 est
848 2218 937 2258 quod
963 2218 1173 2248 dubitemus.
1229 2218 1388 2247 Modeste
1422 2218 1505 2248 talia
1537 2219 1688 2248 notanda

315 2270 415 2294 sunt:
444 2266 612 2304 neglexit,
632 2264 723 2294 alias
740 2264 911 2293 molestus
926 2270 1036 2300 saepe
1057 2269 1193 2299 censor,
1212 2262 1485 2292 Lindemannus.
1515 2260 1684 2291 BERGM.

320 2326 350 2329 —
384 2310 514 2345 Quodsi
548 2311 746 2340 notavisset
770 2309 1044 2345 Lindemannns,
1068 2306 1292 2341 defensurus
1318 2306 1444 2343 credo,
1469 2306 1684 2344 Bergmanus

317 2354 553 2383 anacoluthon
589 2355 653 2383 fuit
685 2353 858 2383 eiusmodi
894 2353 1001 2389 lociS,
1039 2352 1151 2391 qualis
1185 2356 1237 2381 est
1268 2352 1474 2382 notissimus
1515 2350 1570 2379 liic
1604 2349 1686 2379 Pla-

319 2399 410 2428 tonis
434 2398 491 2437 (de
516 2398 628 2440 Legg.
654 2398 711 2428 ΙΙΙ.
739 2406 816 2436 pag.
843 2398 925 2427 686.
952 2398 1029 2433 D.)·
1055 2394 1248 2436 ἀποθλέψςα
1276 2393 1340 2439 γὰρ
1364 2394 1448 2439 ποὸς
1471 2396 1595 2425 τοῦτον
1627 2391 1687 2423 τὸν

318 2441 456 2484 croam,
493 2441 534 2473 οῦ
559 2443 637 2485 πέρι
662 2440 909 2481 διαλεγόμεθα,
942 2440 1033 2476 ε”δοξέ
1064 2452 1123 2478 μοι
1154 2439 1226 2478 71on
1220 2440 1326 2476 maog
1358 2451 1457 2470 etr-ou
1489 2442 1547 2469 aut
1573 2445 1685 2477 aeque

319 2490 482 2525 cognitus
504 2488 672 2518 Auctoris
696 2487 779 2517 libri
801 2487 843 2517 de
862 2486 954 2516 hello
972 2486 1086 2516 Afric.
1103 2492 1178 2524 cap.
1203 2485 1258 2515 25.
1310 2484 1405 2515 Dum
1427 2484 1518 2514 llueC
1533 2480 1686 2523 fiet-,ent

320 2531 399 2562 Βω-
425 2531 709 2570 111ba‚c0qn2·tis
735 2531 911 2562 Caesaris
944 2528 1263 2572 difficultatibus·-
1268 2531 1528 2569 copiarumque
1555 2528 1685 2566 pauci-

320 2575 415 2615 tate,
441 2585 511 2606 non
537 2577 591 2607 est
612 2577 733 2608 visum
757 2576 845 2607 dari
869 2575 1031 2615 spatium
1056 2574 1333 2605 convalescendi
1357 2571 1686 2613 anyendarumque

319 2620 395 2649 eius
428 2629 548 2659 opum.
588 2637 629 2642 —
663 2625 920 2661 provocaturus
958 2620 1110 2650 fortasse
1143 2620 1248 2650 etiam
1281 2618 1322 2648 ad
1361 2618 1423 2647 illa
1454 2616 1686 2647 Gronoviana

320 2663 450 2700 (Plaut.
476 2664 584 2694 Poen.
610 2665 670 2704 111,
693 2666 726 2704 3,
749 2664 839 2704 46.):
877 2664 1051 2695 imitatur
1074 2668 1273 2694 sermonem
1305 2661 1577 2703 quotidianum,
1609 2667 1682 2690 non

318 2709 392 2739 fam
418 2709 656 2749 neytagsentem
688 2718 799 2751 quam
823 2708 958 2747 subin),
991 2708 1031 2739 ut
1066 2714 1124 2738 res
1144 2707 1240 2748 fert,
1272 2714 1317 2737 ea:
1352 2707 1514 2746 tempore
1545 2706 1580 2736 et
1611 2711 1684 2734 non

320 2758 367 2782 ew
388 2754 618 2794 praeparato
643 2754 874 2794 loquentium.
924 2753 994 2783 FB.
