1833 3237
908 197 1183 238 -36..

340 315 554 360 consilium,
585 321 683 359 quae
712 321 868 358 caussa,
899 312 994 348 utile
1015 314 1054 348 et
1084 310 1296 348 iucundum
1316 311 1367 347 sit
1389 311 1582 360 elegantis
1613 320 1736 348 accu-

338 375 522 417 rataeque
553 367 752 404 doctrinae
781 368 970 404 studiosis
1001 377 1256 415 cognoscere.

451 428 550 464 Nam
590 424 690 470 apud
728 425 900 460 Graecos
937 428 1110 470 tempore
1148 424 1274 459 adhuc
1312 423 1488 468 Solonis,
1536 423 1735 460 sexcentis

339 488 427 519 ante
457 481 656 527 vulgarem
687 490 815 516 aeram
845 480 979 528 annis,
1022 480 1109 515 libri
1141 484 1250 515 erant
1281 483 1320 515 et
1350 480 1463 524 pauci
1494 482 1532 515 et
1560 480 1654 527 rari,
1697 485 1736 515 et

337 538 377 574 hi
408 539 491 573 fere
521 536 696 572 oratione
736 536 905 571 carmine
945 547 992 572 ac
1024 546 1181 571 numero
1212 537 1356 583 ligata:
1399 534 1516 580 docti,
1545 536 1610 580 qui
1640 537 1734 572 fue·

337 598 437 638 rant,
476 593 662 639 homines,
693 593 819 640 magis
860 603 930 628 suo
960 592 1033 638 ipsi
1066 592 1245 640 ingenio,
1287 591 1439 639 studio,
1481 592 1734 639 experientia,

337 661 448 696 quam
496 650 680 685 librorum
730 648 918 693 lectione,
970 649 1212 685 exstiterant.
1286 648 1480 693 Deinceps
1528 646 1739 682 accedente

337 716 476 753 prosae
505 705 740 753 scriptione,
789 704 992 749 utriusque
1023 705 1208 739 orationis
1240 704 1451 749 scriptores
1483 703 1611 739 indies
1642 713 1737 748 pro-

334 763 488 798 dierunt
526 761 659 797 multi:
712 764 748 796 et
789 764 992 796 crescente
1032 760 1218 805 paulatim
1268 760 1425 807 legendi
1464 759 1738 804 scribendique

333 820 485 861 studio,
516 817 591 852 iam
609 816 836 852 Aristotelis
867 827 913 851 ac
939 816 1233 863 Demosthenis,
1265 819 1302 851 et
1333 816 1484 852 omnino
1517 815 1737 851 Alexandri

333 873 573 919 Macedonis,
604 883 722 919 aevo,
753 875 886 908 tantus
918 873 1116 907 ferebatur
1146 872 1328 907 librorum
1362 882 1556 916 numeruS‚
1589 876 1630 907 ut
1661 881 1736 907 eo-

334 942 415 967 rum
448 929 641 977 cognitio,
689 928 978 975 interpretatio,
1010 938 1197 973 censura,
1248 928 1482 974 peculiarem
1522 927 1739 973 postularet

333 986 545 1023 doctrinam
576 989 613 1021 et
650 985 762 1031 quasi
802 984 1061 1030 provinciam,
1092 995 1204 1030 quam
1233 984 1482 1020 Grammatici
1521 987 1559 1019 et
1603 983 1740 1020 Critici

333 1043 410 1079 sibi
439 1042 701 1078 vindicabant,
761 1042 903 1084 Porro,
950 1040 1111 1076 Graecis
1142 1039 1287 1075 Literis
1327 1043 1444 1074 totam
1476 1040 1740 1075 obtinentibus

334 1097 474 1136 Asiam
505 1101 543 1133 et
572 1098 825 1144 Aegyptum,
859 1093 897 1143 *J
932 1095 1215 1131 constituendis
1246 1095 1563 1140 instruendisque
1596 1095 1741 1130 biblio-

334 1155 473 1199 thecis,
505 1164 589 1189 cum
621 1153 709 1188 aliis
737 1151 868 1188 multis
900 1151 938 1186 in
969 1151 1081 1196 locis,
1108 1155 1186 1187 tum
1216 1151 1485 1187 Alexandriae
1517 1155 1556 1186 et
1586 1153 1740 1198 Perga-

334 1208 407 1260 mil,
447 1210 717 1246 invalescente
748 1208 919 1254 quotidie
949 1208 1201 1243 scribentium
1234 1218 1412 1249 numero,
1445 1208 1587 1255 ingens
1612 1207 1740 1243 libro-

333 1278 418 1304 rum
458 1276 543 1302 cum
574 1265 777 1301 multitudo
809 1268 888 1299 tum
920 1264 1112 1310 varietas,
1158 1264 1298 1299 obesse
1328 1264 1458 1311 magis
1504 1273 1615 1309 quam
1646 1273 1741 1310 pro-

335 1324 452 1359 desse
490 1322 600 1358 bonis
632 1320 777 1357 Literis
817 1324 855 1356 et
885 1320 1141 1365 Eloquentiae
1183 1320 1398 1356 videbatur.
1457 1320 1565 1364 Quod
1596 1322 1637 1355 ut
1669 1330 1741 1355 ca-

243 1380 462 1418 145verent
491 1378 779 1425 detrimentum,
820 1376 896 1411 duo
927 1386 1073 1412 summo
1105 1376 1265 1424 ingenio
1307 1380 1345 1412 et
1384 1376 1534 1412 infinita
1563 1376 1740 1411 doctrina

338 1435 494 1481 critici,
534 1433 824 1479 Aristophanes
860 1432 1074 1476 Byzantius
1097 1436 1135 1467 et
1166 1432 1441 1480 Aristarchus,
1473 1436 1628 1469 centum
1660 1433 1742 1467 sere

337 1497 378 1530 et
407 1491 691 1538 quinquaginta
720 1493 807 1535 post
836 1488 1057 1525 Alexandri
1088 1499 1241 1532 aevum,
1282 1488 1517 1534 totidemque
1547 1491 1636 1524 ante
1668 1497 1741 1523 no-

336 1553 455 1587 stram
481 1557 611 1582 aeram
639 1546 763 1591 annis,
794 1545 897 1580 illam
923 1545 1105 1580 librorum
1137 1545 1421 1581 multitudinem
1446 1547 1554 1580 certo
1584 1554 1743 1580 numero

337 1602 730 1642 circumscribendam
762 1602 968 1645 duxerunt,
999 1604 1038 1636 et
1065 1601 1186 1636 veluti
1217 1612 1338 1636 censu
1367 1601 1520 1648 agendo
1552 1601 1742 1646 cuiusque

332 1660 493 1710 generis
524 1659 688 1704 optimos
720 1667 894 1703 quosque
931 1657 1153 1702 Scriptores
1186 1657 1225 1692 in
1256 1667 1349 1692 suas
1389 1658 1538 1693 classes
1569 1657 1742 1705 redege-

333 1720 441 1754 runt:
472 1714 610 1761 quibus
641 1713 732 1749 inde
763 1710 984 1749 Auctorum
1014 1715 1270 1750 classicorum
1297 1723 1432 1749 nomen
1463 1713 1636 1749 additum
1667 1717 1742 1755 est3

335 1773 475 1819 quippe
513 1770 579 1815 qui
609 1770 683 1805 soli
712 1770 841 1805 iustae
871 1769 1012 1804 elassis
1042 1769 1313 1805 auctoritatem
1355 1770 1594 1817 obtinerent,
1641 1779 1740 1814 quac

334 1834 527 1874 tamquam
565 1826 628 1861 lex
668 1828 707 1861 et
755 1834 886 1860 norma
923 1826 1022 1859 bene
1062 1824 1257 1860 scribendi
1300 1825 1460 1860 valeret.
1533 1826 1661 1872 Igitur
1700 1825 1739 1860 in

336 1886 440 1922 hunc
477 1881 646 1918 ordinem
677 1880 790 1917 relati
820 1883 911 1915 sunt
929 1876 989 1927 *Ἴ
1021 1880 1164 1916 Poetae
1196 1881 1377 1929 Heroicc‘,
1419 1883 1625 1927 Homerus,
1655 1883 1741 1917 Ile-

336 2004 365 2046 ·)
391 2005 487 2042 Quae
519 2010 581 2041 per
605 2002 842 2033 Alexandrum
879 2003 1026 2042 eiusque
1057 2009 1285 2033 successores
1319 2002 1468 2033 Graecis
1493 2003 1633 2033 colonis
1666 2003 1742 2034 fre-

383 2053 572 2088 quentatae
595 2051 686 2078 suut.
735 2048 819 2077 Nam
846 2049 903 2086 qui
926 2051 1031 2077 antea
1055 2049 1123 2078 iam
1148 2048 1291 2078 fuerant
1315 2047 1442 2078 Graeci
1460 2048 1599 2078 incolae
1623 2049 1659 2078 in
1684 2049 1740 2078 Si-

383 2094 483 2131 cilia,
507 2092 630 2131 ltalia,
655 2096 689 2122 ct
713 2094 888 2122 maritima
914 2100 978 2122 ora
1003 2093 1131 2128 Asiae,
1158 2093 1322 2131 Africae,
1356 2092 1513 2131 Galliae,
1541 2093 1742 2131 Hispaniae,

383 2142 443 2169 aut
472 2138 553 2168 aliis
577 2138 610 2166 in
644 2138 870 2177 regionibus,
905 2137 968 2166 hos
1001 2145 1022 2167 a
1052 2137 1152 2167 uobis
1179 2146 1246 2167 non
1284 2138 1422 2168 excludi
1447 2146 1468 2168 a
1492 2139 1740 2168 communione

383 2184 594 2219 Literaruin,
635 2191 696 2220 per
720 2190 759 2212 se
784 2186 897 2221 patet:
934 2189 1000 2212 uec
1025 2184 1159 2213 moneri
1196 2190 1344 2213 necesse
1369 2188 1447 2214 erat
1472 2184 1505 2213 in
1531 2184 1608 2221 ipso
1634 2183 1738 2213 libro.

384 2229 457 2259 Hac
480 2230 711 2258 annotatione
738 2235 931 2264 monemus,
959 2229 1110 2257 tironum
1136 2235 1274 2257 caussa.

338 2295 381 2335 ι·)
407 2296 506 2325 Hunc
531 2296 749 2332 Scriptorum
775 2301 916 2325 censum
944 2294 1101 2324 exhibuit
1132 2293 1363 2324 Rulmkenius
1388 2295 1421 2323 in
1448 2293 1610 2324 Historia
1633 2293 1741 2325 Criti-

383 2348 425 2372 ca
449 2339 546 2370 Orat.
584 2339 709 2370 Graec.
736 2349 768 2378 p.
799 2339 856 2370 94.
890 2346 1041 2378 sequens
1065 2339 1338 2376 Quinctilianum
1364 2338 1476 2368 lustit.
1504 2337 1599 2369 Orat.
1635 2339 1681 2376 X,
1711 2339 1740 2370 1.

382 2385 653 2416 Grammaticum
678 2385 918 2414 Bibliothecae
943 2383 1183 2414 Coislinianae
1208 2393 1238 2422 p.
1257 2384 1335 2414 597.
1362 2391 1462 2422 quem
1489 2384 1630 2422 repetiit
1654 2383 1678 2414 l.
1700 2386 1743 2414 Α.

381 2429 564 2461 Fabricius
590 2428 752 2459 Biblioth.
779 2428 841 2458 Gr.
866 2429 944 2458 Vol.
973 2428 1033 2459 ΙΧ.
1061 2438 1091 2468 p.
1118 2429 1196 2459 599.
1230 2431 1264 2458 et
1291 2429 1455 2459 Proclum
1482 2427 1737 2460 Clirest-omath.

383 2482 413 2513 p.
439 2473 516 2504 340.
538 2482 599 2513 seq
622 2475 678 2512 qui
703 2481 771 2504 non
797 2474 863 2504 nisi
888 2472 1075 2504 Poetarum
1100 2473 1268 2514 quaedam
1292 2481 1427 2514 genera
1452 2477 1623 2504 recenset.
1674 2474 1740 2503 Ne-

382 2527 459 2558 mo,
485 2518 574 2558 quod
598 2520 720 2555 sciam,
746 2519 914 2548 Veterum
941 2519 1032 2550 hunc
1056 2519 1271 2558 catalogum,
1300 2518 1413 2557 qualis
1437 2518 1480 2548 ab
1506 2519 1743 2557 Aristophane

382 2567 417 2594 et
448 2564 656 2594 Aristarcho
689 2564 874 2594 confectus
914 2567 1008 2601 erat,
1050 2563 1151 2594 nobis
1183 2565 1357 2599 servavit,
1399 2567 1459 2593 aut
1498 2563 1560 2593 hos
1606 2563 1742 2594 diserte

383 2611 547 2639 auctores
573 2609 730 2648 catalogi
756 2608 916 2647 prodidit.
960 2609 1057 2639 Unus
1083 2608 1342 2645 Quinctilianus
1367 2609 1415 2638 ita
1441 2609 1483 2638 de
1508 2609 1550 2637 iis
1576 2608 1741 2648 loquitur,

380 2655 423 2684 ut
445 2660 513 2683 non
538 2654 605 2683 nisi
631 2662 692 2691 per
717 2656 956 2684 coniecturam
982 2653 1186 2691 colligatur,
1211 2660 1288 2682 eum
1313 2654 1348 2682 in
1374 2652 1620 2683 enumerandis
1645 2654 1744 2684 Scri-

373 2697 541 2737 ·ptoribus
568 2700 678 2728 crisin
703 2702 739 2728 et
760 2699 959 2737 catalogum
984 2699 1126 2728 illorum
1151 2699 1273 2737 sequi:
1299 2701 1333 2727 et
1360 2702 1471 2727 tamen
1495 2697 1629 2728 duobus
1653 2699 1742 2728 locis

386 2750 429 2774 oa
453 2742 556 2778 dicit,
592 2743 716 2781 quibus
741 2744 818 2776 fere
841 2745 877 2774 in
902 2751 979 2774 eam
1003 2744 1205 2781 opinionem
1230 2742 1395 2783 ducaris,
1433 2743 1637 2773 duumviros
1661 2743 1743 2773 illos

384 2795 455 2819 non
499 2788 569 2818 uisi
601 2786 787 2821 Poetarum
816 2796 963 2821 censum
997 2789 1170 2820 habuisse.
1204 2795 1235 2817 v.
1269 2794 1301 2819 c.
1337 2797 1367 2827 p.
1403 2788 1482 2818 893.
1510 2788 1574 2827 [X‚
1611 2787 1640 2827 l,
1663 2786 1740 2823 54]
