1833 3237
904 165 1179 203 ,32-

341 290 389 326 do
425 287 631 330 rationem3
676 282 777 318 unde
815 280 856 316 in
895 279 1071 316 omnibus
1109 277 1195 315 eius
1232 279 1390 325 scriptis
1427 280 1589 328 legenti,
1628 279 1741 326 quasi

344 347 410 382 lux
449 343 647 391 quaedam,
676 338 846 375 oboritur
875 336 1131 382 perspicuitas
1161 335 1520 382 intelligentiaeque
1548 336 1740 372 facilitas:

345 403 479 438 harum
509 398 638 432 dotum
670 394 952 431 Valckenarius
994 402 1064 427 nec
1092 392 1278 427 rationem
1310 392 1496 439 habebat,
1540 403 1611 428 nec
1649 393 1741 427 sru-

346 461 446 492 ctum
477 453 807 497 consequebatur,
839 447 1107 495 cxpromendis
1136 447 1360 483 reconditae
1391 448 1586 484 doctrinae
1618 448 1741 494 copiis

346 512 459 547 unice
503 512 721 544 contentus.
782 508 898 542 Porro
937 505 1192 541 Ruhnkenius
1232 504 1308 550 illi,
1359 504 1406 539 de
1445 515 1520 549 qua
1562 504 1744 549 diximus,

348 565 615 613 perspicuitati
645 564 881 610 adiungebat
916 562 1076 597 Latinae
1106 561 1289 596 orationis
1322 561 1546 605 bonitatem,
1577 561 1744 607 elegan-

348 624 462 669 tiam,
492 621 746 667 suavitatem,
778 619 940 660 lumina,
972 617 1123 652 omuino
1156 617 1399 662 eloquentiae
1436 615 1744 652 commendatio-

350 689 457 723 nem3
506 681 547 713 ut
587 676 671 712 eius
709 675 866 720 scriptis
904 673 954 708 nil
985 673 1024 707 in
1065 673 1136 708 hoc
1174 683 1319 719 genere
1349 673 1401 708 sit
1439 672 1501 708 vel
1540 671 1746 707 iucundius

349 735 465 778 lectu,
495 734 556 769 vel
585 732 710 780 magis
741 731 790 765 ad
810 729 1054 764 alliciendum
1087 729 1368 773 tenendumque
1399 728 1569 764 studium
1601 728 1743 775 legen-

350 791 401 826 tis
431 791 590 834 esficax3
621 789 733 833 isque
763 797 864 822 unus
894 786 931 820 in
958 784 1092 830 paucis
1122 794 1251 820 eorum
1282 785 1345 829 sit,
1376 785 1441 830 qui
1472 784 1649 819 criticum
1678 794 1747 818 ar-

350 849 575 895 gumentum
614 842 811 880 scribendi
853 842 941 876 dote
978 840 1250 876 exhilararent.
1307 840 1593 876 Valckenarius
1634 839 1747 876 Lati-

351 913 425 939 nae
464 902 649 937 orationis
689 899 902 935 castitatem
942 900 980 931 et
1019 896 1250 944 elegantiam
1292 907 1363 932 nec
1403 897 1632 943 spernebat,
1673 905 1745 929 nec

351 968 510 1005 prorsus
541 956 787 1004 negligebat,
821 964 1023 999 numquam
1054 957 1179 988 tamen
1209 954 1247 988 in
1279 963 1326 988 ea
1355 953 1598 997 assequenda
1630 961 1749 997 prae-

352 1015 506 1060 cipuum
537 1013 725 1058 quoddam
755 1010 925 1045 studium
957 1013 1160 1054 posuerat3
1199 1009 1318 1054 igitur
1357 1009 1395 1043 in
1437 1008 1641 1043 scribendo
1674 1017 1748 1042 ne-

354 1080 427 1116 que
467 1079 584 1104 curae
623 1068 781 1102 multum
823 1075 946 1110 neque
986 1064 1170 1109 temporis
1212 1064 1435 1099 formandae
1481 1063 1753 1108 ornandaeque

354 1125 519 1162 orationi
549 1124 764 1170 tribuebat,
805 1121 933 1156 verbis
964 1120 1089 1167 magis
1118 1120 1328 1155 rarioribus
1360 1130 1407 1154 ac
1444 1120 1608 1164 poeticis
1639 1128 1752 1164 quam

354 1181 521 1228 propriis
552 1184 590 1215 et
620 1180 775 1215 usitatis
805 1177 1081 1220 delectabatur,
1114 1180 1153 1211 et
1183 1176 1409 1222 compositio
1439 1177 1522 1210 fere
1551 1175 1646 1211 dura
1676 1175 1754 1210 im-

355 1238 561 1284 peditaque
591 1237 744 1279 exibat3
775 1234 840 1269 vix
873 1236 914 1268 ut
944 1232 1136 1279 crederes,
1178 1235 1321 1267 tantam
1353 1232 1392 1267 in
1417 1242 1462 1267 eo
1487 1241 1576 1267 esse
1605 1229 1756 1278 ingenii

356 1293 606 1330 celeritatem.
675 1293 762 1327 Huc
799 1289 1008 1325 accedebat
1045 1288 1122 1324 alia
1161 1288 1384 1325 diversitas.
1443 1287 1753 1337 Valckenarius,

356 1354 399 1385 ut
435 1349 561 1395 magis
601 1348 715 1383 etiam
753 1344 1074 1383 Hemsterhusius
1113 1344 1378 1389 factitaverat‚
1423 1345 1562 1380 multos
1594 1344 1756 1390 legebat

358 1405 564 1442 hodiernos
592 1404 729 1451 libros,
761 1406 797 1438 et
821 1401 1003 1449 Belgicos
1026 1404 1064 1436 et
1088 1401 1321 1436 Francicus:
1353 1400 1610 1437 Ruhnkenius
1636 1400 1755 1435 etiam

357 1462 536 1507 Italicos,
577 1460 791 1507 Anghcos,
830 1457 1105 1502 Germanicos-‚
1149 1457 1217 1492 scd
1250 1457 1528 1502 paucissimos,
1569 1466 1639 1491 nec
1672 1457 1757 1490 fere

264 1529 344 1566 138
362 1518 438 1554 nisi
468 1528 548 1562 eos,
579 1516 643 1561 qui
673 1525 758 1551 cum
789 1514 912 1560 ipsius
943 1513 1186 1559 professione
1216 1512 1409 1548 coniuncti
1440 1515 1594 1557 essent,
1639 1511 1757 1556 idque

361 1578 399 1609 et
436 1573 604 1608 breviter
633 1575 670 1607 et
701 1571 899 1615 celeriter,
940 1580 1012 1604 nec
1041 1569 1088 1603 ad
1119 1569 1207 1603 illas
1245 1569 1401 1616 linguas
1430 1568 1650 1612 discendas,
1687 1566 1757 1602 sed

360 1631 406 1665 ad
434 1640 497 1665 res
527 1627 838 1675 cognoscendas:
869 1636 891 1659 a
922 1625 1150 1661 Germanice
1179 1625 1361 1670 loquendi
1392 1625 1579 1660 facultate
1610 1624 1758 1659 desue-

362 1689 492 1730 verat,
546 1684 730 1731 Belgicae
759 1682 1050 1726 Francicaeque
1090 1681 1248 1728 linguae
1289 1682 1476 1717 hactenus
1516 1682 1762 1730 assueverat,

362 1745 552 1787 quatenus
591 1739 687 1773 satis
719 1742 825 1773 esset
853 1738 899 1771 ad
942 1737 1205 1781 quotidianum
1237 1737 1341 1771 vitae
1381 1737 1594 1772 communis
1625 1746 1758 1772 usum:

365 1806 511 1831 omnem
543 1794 737 1830 scribendi
761 1793 1001 1839 diligentiam
1030 1792 1069 1826 in
1101 1803 1176 1827 una
1206 1793 1370 1837 ponebat
1393 1793 1533 1828 Latina
1563 1792 1753 1827 oratione:

365 1856 403 1889 et
434 1862 519 1888 cum
551 1851 617 1886 illa
647 1849 938 1895 consuetudine,
968 1853 1044 1883 tum
1077 1858 1148 1882 sua
1181 1852 1328 1893 natura,
1360 1848 1395 1883 id
1423 1852 1658 1883 consecutus
1689 1850 1762 1893 est,

365 1914 420 1953 ut,
451 1907 548 1953 quod
580 1908 627 1941 ab
658 1906 767 1941 initio
798 1905 977 1948 diximus,
1002 1904 1180 1938 immunis
1210 1905 1256 1938 ab
1278 1905 1392 1939 huius
1422 1904 1571 1939 saeculi
1603 1904 1701 1947 labe,
1720 1899 1760 1950 *J

366 1975 483 2000 aurea
514 1964 737 1999 Latinarum
773 1963 901 1996 aetate
931 1960 1147 1995 Literarum
1177 1960 1214 1994 in
1245 1960 1357 1995 Latio
1389 1966 1502 1995 natus
1533 1960 1762 1996 institutus-

367 2031 441 2067 que
471 2020 678 2055 videretur.

480 2076 557 2112 Sed
601 2075 698 2110 haec
735 2076 817 2108 erat
855 2082 985 2107 eorum
1025 2070 1063 2106 in
1102 2071 1256 2116 scriptis
1296 2072 1528 2108 diversitas:
1568 2070 1692 2107 omnia
1722 2071 1761 2106 in

369 2132 528 2169 dicendo
568 2134 605 2166 et
642 2130 793 2177 agendo
831 2128 944 2163 aliter
982 2127 1228 2172 apparebant.
1297 2129 1521 2164 Ruhnkenii
1563 2127 1762 2163 excellens

369 2188 555 2224 orationis
593 2186 717 2222 virtus
747 2185 873 2220 minus
910 2184 1215 2230 agnoscebatur:
1255 2194 1327 2219 non
1359 2185 1492 2219 deerat
1521 2184 1694 2230 dignitas
1723 2183 1761 2218 in

372 2245 543 2290 corporis
573 2245 716 2288 forma,
745 2241 895 2283 babitu,
925 2245 1063 2287 gestu,
1095 2243 1216 2275 motu:
1257 2240 1418 2275 aderant
1449 2241 1611 2275 laterum
1643 2239 1761 2286 vires,

372 2310 447 2335 vox
477 2300 589 2334 etiam
621 2298 753 2333 aderat
782 2297 906 2342 ampla
935 2306 1019 2331 cum
1050 2296 1186 2331 robore
1216 2299 1254 2331 et
1276 2296 1450 2342 impetu:
1490 2296 1624 2331 deerat
1654 2294 1763 2330 vocis

374 2355 478 2391 varia
507 2355 684 2390 tractatio
715 2358 753 2388 et
782 2353 867 2388 soni
897 2353 1089 2396 suavitas,
1120 2354 1232 2397 atque
1262 2352 1316 2387 ita
1345 2353 1497 2398 deerat,
1531 2355 1573 2386 ut
1602 2351 1764 2396 reliquis

375 2412 616 2456 eloquentiae
652 2410 804 2445 dotibus
836 2409 1019 2444 officeret.
1090 2408 1374 2444 Valckenarius
1411 2418 1526 2454 quum
1565 2407 1683 2443 semel
1719 2417 1762 2442 os

376 2468 423 2502 ad
454 2467 655 2503 dicendum
685 2465 920 2512 aperuisset,
967 2464 1017 2499 nil
1048 2464 1121 2499 iam
1151 2463 1190 2499 in
1222 2465 1498 2510 compositione
1527 2463 1763 2508 impeditum,

376 2523 548 2570 difficile,
586 2526 798 2558 tortuosum
838 2521 1069 2566 apparebat:
1113 2529 1186 2554 non
1225 2520 1315 2565 quin
1346 2521 1524 2571 adesset,
1563 2519 1632 2554 sed
1664 2518 1764 2564 quod

377 2630 408 2669 ⁸)
431 2633 554 2662 Statim
578 2632 619 2661 ab
644 2634 755 2672 initio,
780 2634 859 2671 post
882 2631 1107 2670 prooemium,
1134 2629 1275 2668 [pagi.
1291 2630 1345 2661 ed.
1361 2630 1437 2669 pra]
1452 2631 1509 2661 ubi
1533 2630 1767 2661 Rulmkenius

423 2686 439 2707 e
462 2675 644 2715 sinyularz·
667 2679 700 2708 et
724 2678 878 2708 masrime
902 2684 996 2706 raro
1031 2676 1251 2705 naturarum
1281 2683 1428 2715 ywere,
1464 2684 1559 2716 quae
1591 2676 1767 2706 immunes

422 2730 445 2752 a
469 2721 526 2751 sui
550 2721 684 2751 saecula·
715 2721 938 2759 contamone,
962 2721 1125 2761 inteqrae
1148 2719 1384 2760 sinceraeque
1414 2731 1436 2752 a
1459 2721 1577 2762 prisci
1607 2719 1767 2751 sanitate

422 2766 504 2797 aevi
525 2765 719 2806 prodeunt,
743 2767 852 2797 fuisse
885 2766 1023 2797 dicitur.
1069 2764 1347 2796 LlNDEMANN.
