1833 3237
1288 244 1294 259 Ι

331 311 379 337 ac
408 299 621 337 docilitatis
650 298 781 344 daret,
817 308 840 333 a
877 298 1103 344 parentibus
1141 297 1284 334 studiis
1314 298 1555 349 destinatur,
1596 299 1634 336 id
1665 302 1742 350 est,

333 356 524 392 eiusmodi
554 356 659 391 vitae
690 354 804 390 cuius
834 354 1011 390 subsidia
1036 358 1220 401 parantur
1240 353 1458 392 factitanda
1482 358 1565 391 arte
1584 356 1742 393 doctri-

333 423 435 448 nave
465 423 514 447 ex
545 420 678 446 earum
709 419 868 458 genere,
900 410 1004 456 quod
1033 410 1072 446 in
1095 410 1349 446 Academicis
1378 411 1525 447 scholis
1555 412 1741 448 discitur:

332 471 453 504 matre
484 468 523 502 in
553 465 688 512 primis
720 467 794 502 hoc
826 467 1012 512 probante
1043 466 1247 502 consilium
1280 469 1319 501 et
1340 467 1542 515 suadente,
1574 471 1616 503 ut
1646 477 1744 514 puer

331 524 379 558 ad
410 522 663 570 Theologiam
694 522 988 568 institueretur,
1018 533 1122 565 nam,
1160 525 1201 558 ut
1242 522 1368 557 solent
1409 523 1622 570 religiosae
1651 533 1744 559 mu-

331 579 472 626 lieres,
518 578 573 613 ita
612 578 764 614 demum
804 589 849 613 se
889 580 1123 614 fortunatam
1162 580 1245 613 fore
1283 581 1441 613 matrem
1474 580 1680 626 censebat,
1710 578 1745 614 si

331 635 453 670 filium
488 634 693 680 aliquando
731 644 843 669 suum
881 644 903 669 e
934 644 1046 670 sacra
1075 634 1262 670 cathedra
1298 634 1594 670 concionantem
1626 635 1744 670 vidc-

328 694 399 726 ret.
458 691 564 737 Ergo
595 700 690 736 puer
720 700 795 735 quo
834 691 958 738 magis
997 690 1193 735 citiusque
1231 692 1461 738 proficeret,
1501 690 1666 725 traditur
1704 689 1745 725 in

328 745 577 790 disciplinam
603 746 762 781 scholae
793 745 1073 792 Schlavensis,
1114 745 1177 780 cui
1208 749 1288 780 tum
1329 748 1508 790 praeerat
1538 746 1745 791 Kniepho-

328 804 425 846 ssus,
456 802 521 847 qui
552 804 687 847 postea
718 801 940 837 Coslinensi
969 800 1141 846 praefuit
1170 800 1343 846 scholae,
1373 801 1434 835 vir
1464 811 1552 836 cum
1581 801 1746 836 aliarum

328 858 590 893 doctrinarum
633 855 884 901 probabiliter
922 856 1095 902 peritus,
1135 858 1214 890 tum
1254 856 1419 890 Latinae
1461 857 1648 892 orationis
1689 856 1746 892 ita

327 912 545 958 studiosus,
575 915 620 947 ut
648 915 687 947 et
717 922 837 947 sensu
868 911 956 947 eius
988 912 1137 947 valeret
1167 914 1206 946 et
1236 921 1365 947 amore
1395 913 1600 958 flagraret,
1631 922 1747 947 eum-

328 979 404 1014 que
442 978 600 1004 sensum
642 970 682 1003 et
719 978 885 1003 amorem
926 977 1013 1003 cum
1055 967 1285 1013 discipulis,
1334 967 1373 1002 in
1412 967 1552 1013 quibus
1590 968 1746 1012 quidem

329 1025 549 1060 venustatis
580 1023 767 1069 quaedam
799 1023 949 1059 indoles
981 1023 1148 1068 inesset,
1180 1023 1492 1059 communicaret.
1551 1024 1634 1059 Hoc
1663 1027 1745 1060 tum

329 1090 459 1116 amore
490 1081 680 1115 incensus
710 1082 770 1114 est
801 1079 1063 1116 Ruhnkenius
1092 1088 1208 1124 puer:
1241 1079 1314 1113 hoc
1345 1079 1380 1113 ei
1414 1079 1488 1114 fuit
1516 1079 1692 1126 initium,
1723 1089 1747 1114 a

329 1146 405 1182 quo
436 1136 483 1170 ad
516 1145 666 1171 omnem
698 1135 917 1171 Literarum
945 1134 1219 1170 excellentiam
1251 1134 1577 1178 proficisceretur.

288 1187 315 1222 ¹7
442 1193 516 1228 Est
545 1191 641 1227 haec
671 1190 919 1239 ingeniorum
951 1194 1190 1236 naturaeque
1220 1189 1297 1236 lcx,
1329 1193 1514 1226 ut'nemo
1542 1191 1746 1236 quisquam

329 1248 410 1284 ulla
449 1247 488 1283 in
527 1250 610 1282 arte
649 1247 877 1283 doctrinave
915 1247 1110 1282 excellere
1149 1246 1296 1292 possit,
1338 1246 1409 1281 nisi
1442 1246 1503 1282 cui
1534 1247 1610 1282 tria
1651 1247 1748 1283 haec

275 1336 279 1340 .
329 1303 472 1348 adsint,
502 1303 668 1347 indoles,
698 1303 884 1351 studium,
915 1303 991 1338 via.
1048 1303 1125 1339 Sed
1156 1302 1336 1347 studium,
1366 1305 1407 1337 ut
1438 1301 1641 1348 plurimum
1669 1313 1747 1339 va-

328 1360 396 1404 let,
426 1360 481 1396 ita
509 1360 686 1406 plurimis
714 1360 838 1397 deest.
898 1359 998 1396 Nam
1027 1358 1196 1395 indolem
1227 1358 1292 1393 dat
1326 1361 1478 1405 natura,
1507 1361 1628 1406 auget
1657 1362 1748 1395 stu-

330 1416 457 1460 dium,
497 1416 603 1451 acuit
641 1416 730 1451 via:
769 1426 896 1462 neque
935 1417 1020 1451 sere
1057 1415 1259 1461 quisquam
1291 1418 1373 1461 est,
1413 1415 1475 1451 cui
1505 1418 1642 1450 natura
1673 1425 1748 1451 non

329 1471 481 1509 dederit
520 1472 665 1517 aliquid
705 1473 847 1511 indolis
886 1472 933 1507 ad
976 1471 1145 1517 aliquam
1186 1474 1328 1517 artem,
1368 1471 1408 1506 in
1447 1481 1523 1516 qua
1553 1471 1750 1507 excellere

329 1521 610 1575 possit‚·modo
640 1529 811 1565 studium
843 1530 879 1564 et
910 1528 972 1563 via
1001 1528 1175 1564 accedat.
1220 1527 1337 1563 Viam
1370 1527 1432 1562 vel
1463 1527 1643 1575 magistri
1673 1527 1749 1563 do-

329 1588 441 1631 cent,
472 1585 533 1620 vel
565 1585 725 1620 aliorum
756 1584 936 1631 exempla
967 1584 1202 1629 ostendunt,
1230 1584 1295 1619 vel
1324 1583 1467 1619 indolis
1498 1583 1653 1619 bonitas
1682 1584 1750 1619 in-

329 1640 452 1689 venit,
486 1640 550 1675 vel
580 1641 700 1676 studii
731 1642 951 1677 constantia
981 1641 1123 1686 aperit.
1182 1640 1363 1676 Studium
1387 1650 1460 1675 nec
1481 1639 1646 1685 indoles,
1677 1650 1751 1676 neo

328 1695 396 1731 via
435 1695 553 1741 parit,
599 1706 671 1731 nec
711 1697 788 1732 sibi
828 1696 1032 1742 quisquam
1073 1696 1179 1742 ipse,
1211 1705 1284 1731 nec
1314 1695 1447 1740 alteri,
1478 1695 1570 1731 dare
1600 1698 1751 1742 potest:

330 1751 497 1796 eiusque
527 1751 725 1786 excitandi
756 1753 858 1787 alius
889 1752 991 1796 apud
1023 1751 1122 1786 alios
1164 1751 1379 1796 discipulos
1410 1751 1598 1798 magister
1623 1752 1751 1788 maio-

328 1817 410 1843 rem
448 1806 688 1842 minoremve
728 1807 866 1851 habet,
908 1816 981 1841 non
1014 1806 1259 1853 facultatem,
1305 1806 1374 1841 sed
1407 1807 1656 1853 felicitatem3
1688 1811 1752 1844 est

330 1863 432 1899 enim
463 1865 583 1898 totum
616 1863 690 1898 hoc
720 1873 795 1898 non
827 1866 903 1898 tam
933 1861 1118 1907 rationis,
1157 1872 1271 1908 quam
1313 1863 1512 1899 fortunae:
1556 1863 1751 1900 excitatur

331 1919 496 1966 quadam
527 1919 815 1964 opportunitate
844 1917 1050 1966 temporis,
1081 1918 1181 1963 loci,
1211 1919 1373 1955 aliarum
1405 1930 1547 1963 rerum,
1579 1919 1751 1956 visorum

331 1985 570 2012 sensuumve
612 1975 675 2010 vel
715 1974 754 2010 in
794 1975 881 2020 ipso
912 1975 1038 2010 animo
1068 1974 1367 2021 exsistentium,
1407 1975 1470 2011 vel
1502 1975 1753 2012 extrinsecus

331 2032 589 2072 illabentium,
622 2031 732 2066 forte·
755 2033 794 2066 et
824 2040 945 2072 casu,
976 2029 1015 2065 id
1046 2033 1120 2077 est,
1152 2031 1307 2067 caussis
1337 2033 1448 2067 extra
1479 2033 1646 2067 nostram
1676 2042 1752 2078 po-

330 2090 513 2123 testatem
546 2086 698 2133 positis,
728 2085 839 2132 quasi
869 2085 1058 2120 divinitus
1083 2086 1235 2123 oblatis.
1297 2087 1390 2123 Dico
1421 2089 1549 2124 autem
1579 2088 1753 2125 studium

333 2153 410 2179 non
453 2142 559 2178 illam
592 2142 641 2177 ad
672 2143 791 2179 breve
830 2144 982 2186 tempus
1009 2141 1285 2187 cupiditatem,
1326 2154 1425 2188 quae
1463 2144 1502 2179 in
1539 2144 1669 2180 multis
1710 2147 1755 2180 ut

333 2197 491 2235 exsistit
522 2197 669 2244 subito,
701 2199 756 2234 ita
785 2207 872 2234 mox
903 2197 1129 2233 evanescit:
1170 2197 1257 2233 dico
1297 2199 1473 2234 ardorem
1504 2201 1646 2235 amoris
1677 2210 1752 2236 non

331 2253 683 2301 exstinguendum,
721 2254 886 2299 eiusque
924 2253 972 2288 ad
1003 2257 1216 2289 extremum
1249 2263 1373 2299 usque
1411 2254 1516 2289 vitae
1546 2255 1753 2292 terminum

332 2309 590 2346 constantiam
630 2320 676 2344 ac
714 2309 1069 2355 perseverantiam3
1111 2319 1234 2354 neque
1265 2310 1366 2345 euim
1407 2309 1446 2345 in
1478 2320 1524 2345 eo
1556 2312 1643 2356 quis
1673 2322 1753 2359 ge-

332 2374 426 2400 nere
467 2365 665 2400 excellere
704 2367 851 2411 possit,
890 2365 1003 2400 cuius
1043 2365 1251 2410 aliquando
1289 2375 1456 2401 amorem
1505 2367 1752 2413 studiumque

338 2424 471 2458 exuat.
531 2420 724 2457 Adsideat
753 2421 962 2469 ingenioso
994 2421 1185 2466 discipulo
1216 2420 1447 2467 ingeniosus
1479 2423 1680 2470 magister,
1711 2426 1754 2458 ut

297 2475 445 2512 Shunc
472 2477 512 2512 in
544 2486 591 2512 eo
621 2487 790 2513 amorem
821 2477 986 2513 excitet:
1015 2477 1199 2512 adhibeat
1229 2477 1501 2523 hortationem,
1532 2481 1753 2525 praecepta,

337 2532 537 2579 exempla,
569 2533 822 2579 praemiorum
854 2543 984 2579 spem,
1026 2532 1238 2568 machinam
1269 2542 1439 2579 omnem3
1477 2534 1588 2570 sedet
1617 2539 1752 2570 aeter-

338 2598 507 2634 numque
537 2589 690 2626 sedebit
719 2589 860 2626 infelix
872 2586 912 2637 *)
943 2589 1143 2637 magister,
1175 2599 1247 2625 uec
1277 2589 1494 2626 movebitur
1523 2590 1754 2638 discipuluS,

337 2696 368 2734 ⁸)
393 2699 496 2738 Virg-
522 2699 616 2729 Aen.
642 2699 702 2738 vl,
727 2699 804 2731 617.

383 2759 426 2766 --
451 2759 493 2765 -
518 2759 561 2764 -
587 2744 703 2784 sedet,
727 2746 987 2786 aeternumque
1011 2743 1145 2776 sedebit

384 2785 525 2828 Infelix
554 2787 715 2820 Theseus.
