1833 3237
847 205 1041 244 -48
1125 219 1189 235 fi.-

314 324 472 360 scholae
503 321 623 358 semel
653 320 823 356 dictatae
854 330 922 367 per
945 329 1083 356 manus
1115 319 1334 368 traduntur,
1365 320 1620 357 describendo
1643 322 1728 358 fre-

316 383 561 427 quentantur,
596 387 655 423 ac,
688 376 818 411 'veluti
848 377 1079 423 pervulgata
1106 375 1308 421 mysteria,
1339 386 1488 412 omnem
1517 377 1557 412 in
1589 380 1726 422 poste-

314 445 398 469 rum
431 433 615 468 novitatis
640 432 821 478 gratiam,
851 442 997 467 omnem
1029 431 1399 467 commendationem
1428 434 1726 469 auctoritatem-

315 500 388 533 que
419 489 612 535 amittunt,
644 498 794 522 vacuae
823 489 1106 533 relinquuntur.

427 545 610 578 Attamen
641 544 742 587 apud
777 554 846 577 nos
877 544 914 578 in
947 544 1109 578 Batavia
1139 542 1336 587 discipuli,
1375 552 1460 577 cum
1491 544 1725 591 Literarum,

315 604 394 633 tum
431 599 590 634 aliarum
631 599 900 644 plerarumque
931 598 1192 633 doctrinarum
1233 599 1422 644 studiosi,
1464 600 1549 634 fere
1580 600 1724 644 aliquid

313 655 398 699 sibi¹
429 654 569 700 dictari
619 655 767 689 volunt:
814 659 906 689 sunt
952 654 1049 689 adeo
1088 654 1154 699 qui
1194 655 1424 689 dictatorum
1466 654 1729 701 longitudine,

313 702 533 755 latitffline,
558 711 831 753 crassitudine,
852 710 1121 754 spissitudine,
1145 713 1182 744 et
1203 710 1373 744 locorum
1402 710 1605 745 citatorum
1624 711 1728 745 mul-

279 756 499 810 ‘titudine‚
542 766 721 812 magistri
762 766 968 799 doctrinam
1011 765 1234 799 metiantur.
1304 765 1480 810 Cognovi
1517 766 1726 810 aliquando

311 823 582 857 Professorem
613 822 652 855 in
673 821 837 855 Graecis
859 821 1004 855 Literis
1035 829 1173 854 novum
1206 829 1253 854 ac
1283 816 1478 865 1·udem,*)
1509 821 1574 865 qui
1605 821 1728 856 scho-

312 877 370 911 las
419 877 575 911 haberet
624 876 937 921 interpretationi
989 875 1362 920 Xenophonteorum
1412 875 1726 912 Memorabilium

312 934 488 968 Socratis
512 933 746 966 destinatas:
778 933 972 974 utebatur,
1001 931 1095 966 item
1125 934 1167 966 ut
1197 928 1392 975 discipuli,
1423 932 1603 976 exemplo
1635 932 1726 967 edi-

311 987 429 1022 tionis
461 988 714 1023 Ernestinae:
746 998 795 1021 ex
827 987 943 1021 huius
985 987 1085 1022 notis
1126 996 1248 1021 novas
1288 987 1519 1031 compilabat
1559 987 1727 1033 notulas,

311 1043 419 1077 locos
449 1043 587 1077 citatos
619 1043 943 1083 transscribebat,
992 1051 1152 1086 quorum
1184 1052 1256 1075 nec
1284 1051 1441 1076 sensum
1473 1043 1727 1091 perspiceret,

313 1107 387 1132 nec
416 1102 596 1132 auctores
629 1101 781 1131 nosset:
814 1098 882 1131 has
913 1097 1032 1141 dapes
1063 1097 1281 1141 apponebat
1311 1095 1531 1141 discipulis,
1563 1097 1627 1142 qui
1658 1107 1727 1133 eas

310 1153 369 1188 ita
399 1153 552 1188 hiantes
585 1153 790 1197 raptabant
820 1163 866 1187 ac
896 1152 1147 1197 devorabant,
1181 1155 1219 1186 ut
1241 1151 1315 1187 sibi
1341 1152 1454 1187 valde
1477 1153 1580 1188 beati
1610 1153 1727 1189 vide-

310 1213 459 1251 rentur,
492 1219 562 1243 nec
593 1212 719 1243 tamen
752 1208 813 1243 vel
836 1208 1111 1252 Xenophontis
1143 1207 1279 1242 librum
1310 1207 1374 1243 vel
1398 1208 1575 1255 magistri
1605 1212 1726 1244 notu-

311 1264 370 1299 las
410 1264 698 1311 intelligerent3
747 1264 889 1310 quippe
933 1273 1094 1309 quorum
1136 1268 1310 1298 neutrum
1357 1264 1442 1309 ipse
1479 1264 1728 1312 intelligebat

247 1321 515 1367 ¹781nagister.
578 1321 719 1357 Horum
752 1319 1027 1363 discipulorum
1069 1324 1202 1364 postea
1235 1319 1408 1354 nonnulli
1449 1319 1488 1355 in
1521 1320 1726 1357 cuiusdam

310 1377 467 1411 scholas
489 1376 674 1411 doctioris
700 1376 940 1412 professoris
970 1375 1228 1422 ventitarunt,
1258 1376 1298 1410 in
1320 1376 1461 1421 quibus
1492 1377 1593 1412 sorte
1623 1377 1726 1413 idem

309 1433 635 1477 Xenophonteum
662 1441 759 1477 opus
791 1434 1037 1472 tractaretur,
1066 1441 1113 1465 ea
1143 1431 1294 1476 quidem
1327 1433 1492 1482 ratione,
1524 1437 1566 1468 ut
1597 1433 1725 1469 disci-

309 1488 391 1533 puli
414 1488 489 1533 ipsi
513 1489 691 1535 singulos
715 1488 822 1523 locos
852 1483 1290 1536 interpretarentur,**)
1323 1491 1359 1522 et
1389 1497 1412 1521 a
1438 1488 1628 1535 magistro
1650 1490 1727 1524 ad-

309 1544 381 1579 iuti
413 1545 669 1589 correctique,
700 1545 747 1578 ad
768 1543 1067 1590 intelligentiam
1087 1543 1273 1594 auctoris,
1302 1553 1442 1588 rerum,
1476 1544 1726 1590 proprietatis

310 1601 485 1635 Graecae
516 1604 810 1634 exercerentur:
842 1610 965 1644 pauca
986 1599 1231 1643 dictarentur,
1263 1599 1331 1633 scd
1359 1600 1645 1636 accommodata
1677 1601 1727 1636 ad

309 1654 412 1689 illam
445 1655 770 1702 intelligentiam,
811 1660 848 1689 et
878 1655 923 1688 ad
954 1655 1215 1700 praesentium
1246 1654 1525 1699 discipulorum
1556 1659 1735 1702 captum„

308 1720 445 1755 usum,
479 1707 777 1746 necessitate'm:
815 1710 996 1755 pauciora
1026 1711 1141 1745 etiam
1175 1710 1398 1745 citarentur.
1454 1711 1518 1746 llli
1549 1713 1726 1753 veterani

309 1775 382 1799 nec
414 1767 532 1800 verba
562 1767 834 1810 Xenophontis
867 1776 938 1800 nec
968 1767 1292 1800 constructionem
1326 1769 1484 1801 norant:
1515 1771 1554 1802 et
1583 1771 1724 1815 tamen,

308 1823 351 1855 ut
393 1821 588 1865 veterani,
626 1821 691 1865 qui
732 1821 819 1865 plus
859 1824 1042 1864 saperent
1081 1824 1119 1855 et
1158 1821 1231 1855 iam
1270 1821 1341 1855 sub
1382 1821 1455 1856 alio
1493 1821 1725 1867 imperatore

308 1876 568 1921 meruissent,
612 1880 655 1911 ut
701 1876 944 1923 ignorantiae
985 1877 1247 1922 suspicionem
1288 1877 1388 1919 apud
1432 1877 1724 1925 condiscipulos

309 1941 472 1967 novosa
493 1942 536 1967 se
557 1931 816 1976 amolirentur,
847 1932 1079 1966 dictitabant
1108 1943 1152 1967 se
1184 1932 1326 1966 talibus
1358 1931 1507 1967 scholis
1539 1944 1611 1969 non
1632 1945 1722 1971 esse

308 1987 508 2030 adsuetos,
539 1987 764 2022 melioribus
794 1997 887 2021 usos
917 1987 1017 2031 apud
1047 1987 1214 2032 priorem
1247 1988 1525 2025 Professorem.
1584 1990 1677 2026 Erat
1701 2001 1724 2026 e

309 2042 470 2088 reliquis
503 2043 706 2088 discipulis
737 2044 802 2088 qni
831 2043 911 2077 illis
943 2045 1165 2092 reponeret,
1198 2042 1321 2088 Atqui
1349 2046 1484 2079 noster
1513 2043 1724 2089 Professor

308 2108 377 2133 vos
405 2098 707 2144 Xenophontem
739 2099 953 2144 &adlicere
984 2098 1115 2141 docet,
1139 2099 1254 2143 prc'or
1285 2099 1350 2134 ille
1378 2103 1504 2134 vester
1532 2110 1613 2136 non
1644 2103 1722 2137 do-

310 2156 402 2191 cuit.
462 2155 559 2190 'l‘um
591 2155 657 2199 illi,
688 2156 774 2190 Hoc
797 2155 952 2200 quidem
983 2162 1063 2188 non
1094 2163 1298 2201 rzeyamus,
1329 2155 1398 2189 sed
1425 2156 1541 2200 prior
1571 2158 1722 2194 doctius

310 2210 493 2246 dictabat.
575 2211 672 2253 Quid
716 2211 839 2244 facias
880 2208 1101 2244 istiusmodi
1142 2208 1379 2253 hominibus,
1420 2211 1485 2254 qui
1525 2216 1723 2249 auctorem

310 2265 534 2311 negligunt,
566 2266 722 2302 dictatis
753 2265 1054 2310 adhaerescunt,
1085 2264 1213 2309 iisque
1245 2267 1390 2299 temere
1421 2266 1652 2312 compilatis,
1683 2272 1723 2305 et

307 2320 344 2356 id
378 2321 478 2364 quod
510 2322 547 2355 in
580 2323 672 2357 editi
703 2321 872 2367 exempli
904 2321 1006 2356 notis
1036 2321 1134 2356 bene
1165 2319 1311 2356 dictum
1342 2319 1416 2355 iam
1449 2324 1590 2368 exstat,
1621 2323 1722 2360 idem

305 2439 336 2479 ⁸)
363 2438 532 2472 Enmdem'
557 2441 745 2481 significat.
771 2443 826 2481 qni
853 2442 948 2473 infra
973 2451 1003 2480 p.
1020 2441 1098 2472 160.
1124 2442 1327 2472 Rnlinkeuii
1354 2442 1481 2472 dicitur
1505 2443 1600 2474 alius
1623 2447 1720 2476 omi-

352 2495 432 2526 cus,
459 2486 559 2517 homo
584 2486 816 2524 semidoctus,
841 2489 901 2527 qui
926 2488 960 2517 et
983 2488 1058 2526 ipse
1083 2485 1217 2526 aliquis
1241 2494 1315 2517 esse
1339 2487 1460 2517 vellet.
1486 2505 1529 2511 -—
1562 2489 1631 2519 Sed
1656 2490 1722 2520 ho-

348 2533 467 2569 minis,
492 2533 580 2561 satis
604 2532 699 2562 noti.
734 2532 895 2570 equidem
922 2531 1123 2562 Herodoteo
1155 2530 1235 2567 (lv,
1258 2530 1333 2567 43.)
1365 2539 1482 2571 more,
1513 2540 1721 2573 quamquam

350 2568 572 2612 ἒπιστάμενος
594 2572 634 2606 τὸ
660 2572 803 2615 οὔνομα,
829 2574 907 2606 ἕκών
930 2573 1154 2615 ἐπιλήθομαι.
1203 2575 1445 2605 BERGMAN.

304 2617 346 2657 ⁸')
366 2620 464 2650 Haec
489 2620 625 2650 litteras
651 2620 788 2659 publice
816 2620 963 2651 docendi
981 2621 1072 2650 ratio
1097 2626 1192 2648 nuuc
1209 2621 1313 2649 etiam
1338 2620 1373 2649 iu
1405 2620 1599 2653 Academia
1621 2623 1720 2663 Lug-

349 2664 498 2693 dunensi
523 2665 746 2703 observatur,
771 2665 936 2696 salutaris
961 2664 1022 2694 illa
1047 2668 1081 2694 et
1106 2665 1303 2693 imitatione
1329 2665 1446 2703 digna.
1472 2682 1515 2686 ——
1547 2666 1717 2698 Fortasse

350 2708 490 2738 doctior
522 2709 583 2738 ille
617 2710 797 2747 professor
829 2711 904 2749 ipse
936 2710 1002 2739 suit
1026 2708 1355 2747 lVyttenbncliius,
1391 2710 1448 2747 qni
1474 2711 1619 2742 eandem
1644 2713 1720 2752 ipse

350 2752 499 2784 docendi
525 2754 698 2784 rationem
724 2757 866 2786 secutus
892 2762 974 2785 esse
999 2753 1145 2786 dicitur.
1194 2752 1475 2784 LlNDEMANN.
