1816 3233
662 164 971 204 —167-

108 282 282 319 futurum
313 281 432 326 esset,
465 289 538 315 non
570 287 805 327 magnopere
836 278 1021 323 curabat,
1059 287 1183 323 eaque
1222 279 1261 313 et
1299 275 1524 323 praesentia

109 341 148 374 et
177 336 374 373 venientia
404 336 546 371 leviter
583 345 630 371 ac
667 334 841 380 placide,
881 333 1075 379 solitaque
1113 333 1189 370 sibi
1226 333 1291 369 vel
1328 331 1523 368 facilitate

108 394 172 430 vel
202 393 417 428 securitate
447 391 659 435 tractabat3
690 391 758 436 ita,
789 389 878 435 quid
911 390 1121 435 posthanc
1140 390 1260 426 vitam
1288 389 1415 435 ipsum
1446 398 1523 424 ex-

109 451 326 496 spectaret,
370 458 442 483 nec
486 447 725 482 sollieitabat
763 456 872 491 eum,
917 456 996 481 nee
1018 447 1208 492 angebat:
1246 445 1522 491 acquiescebat

107 506 147 542 in
180 504 385 541 Socratica
412 503 581 548 ratione,
612 503 726 538 cuius
754 502 861 538 illum
892 502 932 537 in
963 501 1098 547 primis
1126 502 1318 538 redditum
1349 512 1372 536 a
1402 501 1522 538 Cice-

109 572 203 598 rone
222 558 261 607 *)
300 561 426 596 locum
467 562 507 594 et
546 559 704 594 tenebat
742 561 781 594 et
818 557 984 593 subinde
1023 559 1257 604 usurpabat:
1297 558 1388 594 Non
1417 558 1522 593 enim

107 622 269 665 temere,
300 626 373 652 nec
397 613 579 660 fortuito,
607 616 685 651 salo·
714 618 751 650 et
780 615 903 651 creati
933 623 1095 650 sumus:
1134 615 1204 650 sed
1231 612 1412 660 profecto
1438 610 1522 658 fuit

107 674 305 721 quaedam
334 673 405 717 vis,
434 681 536 718 quae
562 672 698 717 yeneri
719 671 942 707 consuleret
969 671 1159 716 humano,
1188 679 1262 706 nec
1282 671 1326 705 id
1346 670 1522 717 yiyneret

107 733 180 766 auc
208 729 345 775 aleret,
375 729 492 774 quod,
524 737 613 765 cum
642 728 929 764 exanclavisset
952 736 1087 763 omnes
1105 727 1272 772 labores,
1302 729 1385 762 tum
1414 726 1521 763 inci-
1543 726 1623 763 281

108 787 219 822 deret
246 785 288 820 in
314 785 451 820 mortis
480 784 631 819 malum
659 784 967 829 sempiternum:
994 786 1158 829 portum
1181 783 1316 829 pocius
1332 785 1524 829 paratum

105 842 219 878 nobis
247 844 286 877 et
311 837 541 886 perfuyium
567 844 767 886 putemus.
829 840 914 882 Quo
952 841 1109 876 utinam
1145 840 1239 875 velis
1266 839 1397 885 passis
1423 847 1524 884 per·-

107 898 195 934 vehi
223 895 366 937 liceat!
404 897 467 932 sin
496 895 731 942 reflantibus
759 896 886 931 remis
914 896 1160 941 reieciemur,
1200 899 1332 932 tamen
1374 895 1523 942 eodem,

105 955 230 1002 paulo
259 953 428 999 tardius,
451 950 679 997 referamur
709 961 866 989 necesse
894 955 963 987 est.

219 1011 265 1046 In
309 1009 415 1045 hunc
452 1009 513 1044 Tu
555 1012 726 1054 portum,
765 1017 787 1043 o
825 1006 1060 1053 Ruhnkeni‚
1089 1006 1165 1042 iam
1195 1007 1418 1054 pervectus,
1448 1004 1525 1041 iam

108 1069 230 1104 tutam
273 1064 598 1111 tranquillamque
642 1065 773 1100 sedem
816 1063 856 1099 in
896 1063 1024 1099 beatis
1063 1063 1263 1100 beatorum
1294 1061 1526 1110 regionibus

109 1122 306 1160 obtineas!
347 1122 443 1165 Nos,
473 1121 538 1167 qui
568 1121 703 1157 eodem
734 1120 946 1171 tendimus,
975 1123 1015 1156 et
1043 1119 1172 1155 adhuc
1199 1118 1240 1154 in
1271 1118 1388 1154 huius
1418 1118 1525 1154 vitae

108 1178 292 1215 fiuctibus
321 1177 533 1222 iactamur,
579 1179 637 1214 Te
675 1180 714 1212 et
744 1176 929 1212 virtutum
971 1179 1125 1211 tuarum
1162 1174 1439 1223 meditatione,
1486 1175 1527 1210 et

108 1237 209 1272 bene
238 1236 427 1271 factorum
458 1236 572 1281 grata
602 1232 887 1280 recordatione,
918 1234 1113 1278 perpetuo
1135 1229 1440 1268 celebrabimus!

109 1357 138 1396 ¹)
161 1356 268 1389 Tusc.
292 1356 322 1399 l,
346 1354 401 1387 49.
