<?xml version="1.0" encoding="UTF-8"?>
<!DOCTYPE html PUBLIC "-//W3C//DTD XHTML 1.0 Transitional//EN"
    "http://www.w3.org/TR/xhtml1/DTD/xhtml1-transitional.dtd">
<html xmlns="http://www.w3.org/1999/xhtml" xml:lang="en" lang="en">
 <head>
  <title>
</title>
<meta http-equiv="Content-Type" content="text/html;charset=utf-8" />
  <meta name='ocr-system' content='tesseract 3.04.00' />
  <meta name='ocr-capabilities' content='ocr_page ocr_carea ocr_par ocr_line ocrx_word'/>
</head>
<body>
  <div class='ocr_page' id='page_1' title='image "./vitadavidisruhnk00wyttuoft_0088.png"; bbox 0 0 1833 3237; ppageno 0'>
   <div class='ocr_carea' id='block_1_1' title="bbox 861 131 1140 174">
    <p class='ocr_par' dir='ltr' id='par_1_1' title="bbox 861 131 1140 174">
     <span class='ocr_line' id='line_1_1' title="bbox 861 131 1140 174; baseline 0.004 -12"><span class='ocrx_word' id='word_1_1' title='bbox 861 131 1140 174; x_wconf 62' lang='grc'>-80-</span> 
     </span>
    </p>
   </div>
   <div class='ocr_carea' id='block_1_2' title="bbox 202 239 1710 2584">
    <p class='ocr_par' dir='ltr' id='par_1_2' title="bbox 202 239 1710 2584">
     <span class='ocr_line' id='line_1_2' title="bbox 293 239 1700 295; baseline -0.003 -8"><span class='ocrx_word' id='word_1_2' title='bbox 293 253 437 289; x_wconf 83' lang='lat' dir='ltr'>sterius</span> <span class='ocrx_word' id='word_1_3' title='bbox 483 251 556 287; x_wconf 79' lang='lat' dir='ltr'>hoc</span> <span class='ocrx_word' id='word_1_4' title='bbox 586 251 754 294; x_wconf 82' lang='lat' dir='ltr'>tempus.</span> <span class='ocrx_word' id='word_1_5' title='bbox 812 248 912 285; x_wconf 89' lang='lat' dir='ltr'>Nam</span> <span class='ocrx_word' id='word_1_6' title='bbox 951 247 1061 294; x_wconf 89' lang='lat' dir='ltr'>prius</span> <span class='ocrx_word' id='word_1_7' title='bbox 1090 247 1186 283; x_wconf 88' lang='lat' dir='ltr'>illud</span> <span class='ocrx_word' id='word_1_8' title='bbox 1226 239 1271 282; x_wconf 71' lang='lat' dir='ltr'>et=</span> <span class='ocrx_word' id='word_1_9' title='bbox 1293 246 1411 283; x_wconf 89' lang='lat' dir='ltr'>breve</span> <span class='ocrx_word' id='word_1_10' title='bbox 1451 245 1549 295; x_wconf 85' lang='lat' dir='ltr'>suit,</span> <span class='ocrx_word' id='word_1_11' title='bbox 1594 249 1634 283; x_wconf 85' lang='lat' dir='ltr'>et</span> <span class='ocrx_word' id='word_1_12' title='bbox 1661 247 1700 284; x_wconf 89' lang='lat' dir='ltr'>in</span> 
     </span>
     <span class='ocr_line' id='line_1_3' title="bbox 294 301 1701 349; baseline -0.003 -6"><span class='ocrx_word' id='word_1_13' title='bbox 294 312 486 344; x_wconf 82' lang='lat' dir='ltr'>extremos</span> <span class='ocrx_word' id='word_1_14' title='bbox 517 305 655 342; x_wconf 85' lang='lat' dir='ltr'>incidit</span> <span class='ocrx_word' id='word_1_15' title='bbox 681 304 969 341; x_wconf 85' lang='lat' dir='ltr'>Hemsterhusii</span> <span class='ocrx_word' id='word_1_16' title='bbox 994 313 1139 349; x_wconf 89' lang='lat' dir='ltr'>annos,</span> <span class='ocrx_word' id='word_1_17' title='bbox 1171 312 1267 348; x_wconf 84' lang='lat' dir='ltr'>quos</span> <span class='ocrx_word' id='word_1_18' title='bbox 1297 304 1428 349; x_wconf 88' lang='lat' dir='ltr'>torpor</span> <span class='ocrx_word' id='word_1_19' title='bbox 1456 301 1594 339; x_wconf 88' lang='lat' dir='ltr'>senilis</span> <span class='ocrx_word' id='word_1_20' title='bbox 1626 302 1701 339; x_wconf 90' lang='lat' dir='ltr'>ob-</span> 
     </span>
     <span class='ocr_line' id='line_1_4' title="bbox 294 358 1700 406; baseline -0.004 -7"><span class='ocrx_word' id='word_1_21' title='bbox 294 364 481 399; x_wconf 87' lang='lat' dir='ltr'>scuravit.</span> <span class='ocrx_word' id='word_1_22' title='bbox 551 361 666 396; x_wconf 89' lang='lat' dir='ltr'>Nunc</span> <span class='ocrx_word' id='word_1_23' title='bbox 696 361 934 396; x_wconf 73' lang='lat' dir='ltr'>succedebat</span> <span class='ocrx_word' id='word_1_24' title='bbox 963 358 1217 396; x_wconf 83' lang='lat' dir='ltr'>Valckenarii</span> <span class='ocrx_word' id='word_1_25' title='bbox 1249 358 1388 406; x_wconf 82' lang='lat' dir='ltr'>vigor,</span> <span class='ocrx_word' id='word_1_26' title='bbox 1418 368 1491 394; x_wconf 94' lang='lat' dir='ltr'>non</span> <span class='ocrx_word' id='word_1_27' title='bbox 1523 359 1601 394; x_wconf 86' lang='lat' dir='ltr'>nisi</span> <span class='ocrx_word' id='word_1_28' title='bbox 1629 368 1700 394; x_wconf 83' lang='lat' dir='ltr'>se·-</span> 
     </span>
     <span class='ocr_line' id='line_1_5' title="bbox 295 410 1700 465; baseline -0.004 -10"><span class='ocrx_word' id='word_1_29' title='bbox 295 422 395 465; x_wconf 88' lang='lat' dir='ltr'>ptem</span> <span class='ocrx_word' id='word_1_30' title='bbox 440 416 553 453; x_wconf 86' lang='lat' dir='ltr'>annis</span> <span class='ocrx_word' id='word_1_31' title='bbox 593 415 827 453; x_wconf 83' lang='lat' dir='ltr'>Ruhnkenio</span> <span class='ocrx_word' id='word_1_32' title='bbox 867 410 1047 461; x_wconf 82' lang='lat' dir='ltr'>inaioris,</span> <span class='ocrx_word' id='word_1_33' title='bbox 1087 417 1217 450; x_wconf 86' lang='lat' dir='ltr'>aetate</span> <span class='ocrx_word' id='word_1_34' title='bbox 1257 413 1332 449; x_wconf 92' lang='lat' dir='ltr'>nisi</span> <span class='ocrx_word' id='word_1_35' title='bbox 1372 415 1553 463; x_wconf 87' lang='lat' dir='ltr'>florente,</span> <span class='ocrx_word' id='word_1_36' title='bbox 1593 417 1700 450; x_wconf 83' lang='lat' dir='ltr'>certe</span> 
     </span>
     <span class='ocr_line' id='line_1_6' title="bbox 293 469 1703 520; baseline -0.002 -12"><span class='ocrx_word' id='word_1_37' title='bbox 293 477 438 520; x_wconf 87' lang='lat' dir='ltr'>vegeta</span> <span class='ocrx_word' id='word_1_38' title='bbox 467 475 505 508; x_wconf 90' lang='lat' dir='ltr'>et</span> <span class='ocrx_word' id='word_1_39' title='bbox 536 471 583 506; x_wconf 86' lang='lat' dir='ltr'>ad</span> <span class='ocrx_word' id='word_1_40' title='bbox 623 481 734 507; x_wconf 87' lang='lat' dir='ltr'>omne</span> <span class='ocrx_word' id='word_1_41' title='bbox 765 473 984 508; x_wconf 87' lang='lat' dir='ltr'>Literarum</span> <span class='ocrx_word' id='word_1_42' title='bbox 1015 471 1324 516; x_wconf 77' lang='lat' dir='ltr'>disciplinaeque</span> <span class='ocrx_word' id='word_1_43' title='bbox 1365 480 1504 505; x_wconf 88' lang='lat' dir='ltr'>munus</span> <span class='ocrx_word' id='word_1_44' title='bbox 1535 469 1703 505; x_wconf 83' lang='lat' dir='ltr'>efficaci.</span> 
     </span>
     <span class='ocr_line' id='line_1_7' title="bbox 293 524 1700 576; baseline -0.002 -12"><span class='ocrx_word' id='word_1_45' title='bbox 293 531 344 565; x_wconf 85' lang='lat' dir='ltr'>Et</span> <span class='ocrx_word' id='word_1_46' title='bbox 374 538 487 576; x_wconf 91' lang='lat' dir='ltr'>vero,</span> <span class='ocrx_word' id='word_1_47' title='bbox 526 537 755 573; x_wconf 87' lang='lat' dir='ltr'>quamquam</span> <span class='ocrx_word' id='word_1_48' title='bbox 787 529 884 563; x_wconf 89' lang='lat' dir='ltr'>haec</span> <span class='ocrx_word' id='word_1_49' title='bbox 916 527 1130 564; x_wconf 80' lang='lat' dir='ltr'>Academia</span> <span class='ocrx_word' id='word_1_50' title='bbox 1159 526 1252 561; x_wconf 89' lang='lat' dir='ltr'>inde</span> <span class='ocrx_word' id='word_1_51' title='bbox 1282 527 1367 562; x_wconf 88' lang='lat' dir='ltr'>fere</span> <span class='ocrx_word' id='word_1_52' title='bbox 1398 526 1445 561; x_wconf 89' lang='lat' dir='ltr'>ab</span> <span class='ocrx_word' id='word_1_53' title='bbox 1476 524 1602 570; x_wconf 89' lang='lat' dir='ltr'>ipsius</span> <span class='ocrx_word' id='word_1_54' title='bbox 1633 526 1700 561; x_wconf 91' lang='lat' dir='ltr'>in-</span> 
     </span>
     <span class='ocr_line' id='line_1_8' title="bbox 292 582 1702 626; baseline -0.002 -7"><span class='ocrx_word' id='word_1_55' title='bbox 292 584 497 619; x_wconf 87' lang='lat' dir='ltr'>cunabulis</span> <span class='ocrx_word' id='word_1_56' title='bbox 526 593 604 619; x_wconf 84' lang='lat' dir='ltr'>una</span> <span class='ocrx_word' id='word_1_57' title='bbox 633 583 800 619; x_wconf 90' lang='lat' dir='ltr'>omnium</span> <span class='ocrx_word' id='word_1_58' title='bbox 832 583 1132 619; x_wconf 81' lang='lat' dir='ltr'>Academiarum</span> <span class='ocrx_word' id='word_1_59' title='bbox 1163 582 1331 618; x_wconf 82' lang='lat' dir='ltr'>maxime</span> <span class='ocrx_word' id='word_1_60' title='bbox 1360 582 1543 626; x_wconf 79' lang='lat' dir='ltr'>antiquae</span> <span class='ocrx_word' id='word_1_61' title='bbox 1573 590 1702 616; x_wconf 89' lang='lat' dir='ltr'>venu-</span> 
     </span>
     <span class='ocr_line' id='line_1_9' title="bbox 293 634 1703 681; baseline -0.002 -8"><span class='ocrx_word' id='word_1_62' title='bbox 293 640 407 674; x_wconf 82' lang='lat' dir='ltr'>statis</span> <span class='ocrx_word' id='word_1_63' title='bbox 437 650 484 675; x_wconf 91' lang='lat' dir='ltr'>ac</span> <span class='ocrx_word' id='word_1_64' title='bbox 514 639 733 675; x_wconf 86' lang='lat' dir='ltr'>Literarum</span> <span class='ocrx_word' id='word_1_65' title='bbox 765 640 883 675; x_wconf 80' lang='lat' dir='ltr'>altrix</span> <span class='ocrx_word' id='word_1_66' title='bbox 913 643 951 674; x_wconf 90' lang='lat' dir='ltr'>et</span> <span class='ocrx_word' id='word_1_67' title='bbox 982 638 1057 674; x_wconf 84' lang='lat' dir='ltr'>fuit</span> <span class='ocrx_word' id='word_1_68' title='bbox 1089 640 1133 681; x_wconf 65' lang='lat' dir='ltr'>et·⁴</span> <span class='ocrx_word' id='word_1_69' title='bbox 1159 638 1291 673; x_wconf 88' lang='lat' dir='ltr'>habita</span> <span class='ocrx_word' id='word_1_70' title='bbox 1321 640 1403 681; x_wconf 88' lang='lat' dir='ltr'>est,</span> <span class='ocrx_word' id='word_1_71' title='bbox 1435 634 1703 681; x_wconf 86' lang='lat' dir='ltr'>maximosque</span> 
     </span>
     <span class='ocr_line' id='line_1_10' title="bbox 292 692 1704 742; baseline -0.003 -11"><span class='ocrx_word' id='word_1_72' title='bbox 292 696 331 731; x_wconf 89' lang='lat' dir='ltr'>in</span> <span class='ocrx_word' id='word_1_73' title='bbox 363 704 409 731; x_wconf 89' lang='lat' dir='ltr'>eo</span> <span class='ocrx_word' id='word_1_74' title='bbox 437 705 584 742; x_wconf 82' lang='lat' dir='ltr'>genere</span> <span class='ocrx_word' id='word_1_75' title='bbox 614 695 750 731; x_wconf 85' lang='lat' dir='ltr'>habuit</span> <span class='ocrx_word' id='word_1_76' title='bbox 780 695 942 741; x_wconf 88' lang='lat' dir='ltr'>heroes,</span> <span class='ocrx_word' id='word_1_77' title='bbox 975 694 1176 740; x_wconf 82' lang='lat' dir='ltr'>Lipsium,</span> <span class='ocrx_word' id='word_1_78' title='bbox 1207 694 1476 740; x_wconf 78' lang='lat' dir='ltr'>scaligerum,</span> <span class='ocrx_word' id='word_1_79' title='bbox 1508 692 1704 729; x_wconf 85' lang='lat' dir='ltr'>Salmasi-</span> 
     </span>
     <span class='ocr_line' id='line_1_11' title="bbox 290 746 1703 796; baseline -0.003 -10"><span class='ocrx_word' id='word_1_80' title='bbox 290 761 369 794; x_wconf 89' lang='lat' dir='ltr'>um,</span> <span class='ocrx_word' id='word_1_81' title='bbox 407 751 666 796; x_wconf 83' lang='lat' dir='ltr'>Gronovium‚</span> <span class='ocrx_word' id='word_1_82' title='bbox 698 746 737 796; x_wconf 85' lang='lat'>*)</span> <span class='ocrx_word' id='word_1_83' title='bbox 775 749 1047 795; x_wconf 81' lang='lat' dir='ltr'>Perizonium;</span> <span class='ocrx_word' id='word_1_84' title='bbox 1101 752 1228 784; x_wconf 87' lang='lat' dir='ltr'>tamen</span> <span class='ocrx_word' id='word_1_85' title='bbox 1270 758 1474 793; x_wconf 90' lang='lat' dir='ltr'>numquam</span> <span class='ocrx_word' id='word_1_86' title='bbox 1504 750 1633 784; x_wconf 84' lang='lat' dir='ltr'>tantos</span> <span class='ocrx_word' id='word_1_87' title='bbox 1662 746 1703 783; x_wconf 92' lang='lat' dir='ltr'>in</span> 
     </span>
     <span class='ocr_line' id='line_1_12' title="bbox 291 805 1705 852; baseline -0.003 -10"><span class='ocrx_word' id='word_1_88' title='bbox 291 810 455 852; x_wconf 88' lang='lat' dir='ltr'>utraque</span> <span class='ocrx_word' id='word_1_89' title='bbox 493 806 607 842; x_wconf 91' lang='lat' dir='ltr'>simul</span> <span class='ocrx_word' id='word_1_90' title='bbox 650 806 836 841; x_wconf 83' lang='lat' dir='ltr'>cathedra</span> <span class='ocrx_word' id='word_1_91' title='bbox 876 806 1058 841; x_wconf 81' lang='lat' dir='ltr'>doctores</span> <span class='ocrx_word' id='word_1_92' title='bbox 1097 805 1260 841; x_wconf 86' lang='lat' dir='ltr'>habuit:</span> <span class='ocrx_word' id='word_1_93' title='bbox 1312 815 1408 850; x_wconf 89' lang='lat' dir='ltr'>quos</span> <span class='ocrx_word' id='word_1_94' title='bbox 1448 815 1524 840; x_wconf 89' lang='lat' dir='ltr'>non</span> <span class='ocrx_word' id='word_1_95' title='bbox 1563 812 1705 839; x_wconf 86' lang='lat' dir='ltr'>vereor</span> 
     </span>
     <span class='ocr_line' id='line_1_13' title="bbox 291 860 1706 909; baseline -0.003 -11"><span class='ocrx_word' id='word_1_96' title='bbox 291 862 444 909; x_wconf 79' lang='lat' dir='ltr'>dicere,</span> <span class='ocrx_word' id='word_1_97' title='bbox 487 862 619 897; x_wconf 86' lang='lat' dir='ltr'>habita</span> <span class='ocrx_word' id='word_1_98' title='bbox 648 861 761 907; x_wconf 87' lang='lat' dir='ltr'>quasi</span> <span class='ocrx_word' id='word_1_99' title='bbox 792 861 1062 897; x_wconf 79' lang='lat' dir='ltr'>aestimatione</span> <span class='ocrx_word' id='word_1_100' title='bbox 1092 861 1265 909; x_wconf 85' lang='lat' dir='ltr'>ingenii,</span> <span class='ocrx_word' id='word_1_101' title='bbox 1306 860 1521 908; x_wconf 87' lang='lat' dir='ltr'>doctrinae,</span> <span class='ocrx_word' id='word_1_102' title='bbox 1553 860 1706 906; x_wconf 81' lang='lat' dir='ltr'>copiae,</span> 
     </span>
     <span class='ocr_line' id='line_1_14' title="bbox 292 915 1703 966; baseline -0.002 -13"><span class='ocrx_word' id='word_1_103' title='bbox 292 918 531 966; x_wconf 74' lang='lat' dir='ltr'>elegantiae,</span> <span class='ocrx_word' id='word_1_104' title='bbox 563 917 773 965; x_wconf 81' lang='lat' dir='ltr'>acuminis,</span> <span class='ocrx_word' id='word_1_105' title='bbox 805 920 844 952; x_wconf 88' lang='lat' dir='ltr'>et</span> <span class='ocrx_word' id='word_1_106' title='bbox 874 917 1083 953; x_wconf 76' lang='lat' dir='ltr'>universae</span> <span class='ocrx_word' id='word_1_107' title='bbox 1114 918 1336 953; x_wconf 81' lang='lat' dir='ltr'>Literarum</span> <span class='ocrx_word' id='word_1_108' title='bbox 1366 915 1604 961; x_wconf 86' lang='lat' dir='ltr'>criticaeque</span> <span class='ocrx_word' id='word_1_109' title='bbox 1635 916 1703 950; x_wconf 87' lang='lat' dir='ltr'>fa-</span> 
     </span>
     <span class='ocr_line' id='line_1_15' title="bbox 292 972 1705 1020; baseline -0.003 -11"><span class='ocrx_word' id='word_1_110' title='bbox 292 972 476 1017; x_wconf 85' lang='lat' dir='ltr'>cultatis,</span> <span class='ocrx_word' id='word_1_111' title='bbox 505 973 710 1009; x_wconf 83' lang='lat' dir='ltr'>subductis</span> <span class='ocrx_word' id='word_1_112' title='bbox 739 973 975 1020; x_wconf 84' lang='lat' dir='ltr'>rationibus,</span> <span class='ocrx_word' id='word_1_113' title='bbox 1018 975 1200 1018; x_wconf 85' lang='lat' dir='ltr'>factaque</span> <span class='ocrx_word' id='word_1_114' title='bbox 1229 972 1349 1007; x_wconf 86' lang='lat' dir='ltr'>totius</span> <span class='ocrx_word' id='word_1_115' title='bbox 1379 972 1509 1007; x_wconf 88' lang='lat' dir='ltr'>laudis</span> <span class='ocrx_word' id='word_1_116' title='bbox 1540 980 1705 1016; x_wconf 87' lang='lat' dir='ltr'>summa,</span> 
     </span>
     <span class='ocr_line' id='line_1_16' title="bbox 293 1026 1705 1074; baseline -0.003 -10"><span class='ocrx_word' id='word_1_117' title='bbox 293 1029 374 1064; x_wconf 88' lang='lat' dir='ltr'>illis</span> <span class='ocrx_word' id='word_1_118' title='bbox 406 1028 590 1064; x_wconf 88' lang='lat' dir='ltr'>heroibus</span> <span class='ocrx_word' id='word_1_119' title='bbox 623 1028 728 1064; x_wconf 89' lang='lat' dir='ltr'>nullo</span> <span class='ocrx_word' id='word_1_120' title='bbox 759 1028 869 1064; x_wconf 89' lang='lat' dir='ltr'>modo</span> <span class='ocrx_word' id='word_1_121' title='bbox 900 1029 1208 1074; x_wconf 89' lang='lat' dir='ltr'>postponendos,</span> <span class='ocrx_word' id='word_1_122' title='bbox 1252 1027 1366 1062; x_wconf 91' lang='lat' dir='ltr'>immo</span> <span class='ocrx_word' id='word_1_123' title='bbox 1397 1026 1590 1062; x_wconf 87' lang='lat' dir='ltr'>nonnullis</span> <span class='ocrx_word' id='word_1_124' title='bbox 1630 1035 1705 1060; x_wconf 91' lang='lat' dir='ltr'>no-</span> 
     </span>
     <span class='ocr_line' id='line_1_17' title="bbox 202 1078 1705 1129; baseline -0.003 -9"><span class='ocrx_word' id='word_1_125' title='bbox 202 1078 281 1115; x_wconf 75' lang='grc'>134</span> <span class='ocrx_word' id='word_1_126' title='bbox 296 1084 463 1120; x_wconf 87' lang='lat' dir='ltr'>minibus</span> <span class='ocrx_word' id='word_1_127' title='bbox 504 1084 797 1129; x_wconf 88' lang='lat' dir='ltr'>anteponendos</span> <span class='ocrx_word' id='word_1_128' title='bbox 828 1094 929 1119; x_wconf 89' lang='lat' dir='ltr'>esse.</span> <span class='ocrx_word' id='word_1_129' title='bbox 989 1083 1067 1120; x_wconf 87' lang='lat' dir='ltr'>Sed</span> <span class='ocrx_word' id='word_1_130' title='bbox 1107 1083 1334 1120; x_wconf 84' lang='lat' dir='ltr'>Ruhnkenii</span> <span class='ocrx_word' id='word_1_131' title='bbox 1370 1080 1705 1126; x_wconf 84' lang='lat' dir='ltr'>Valckenariique</span> 
     </span>
     <span class='ocr_line' id='line_1_18' title="bbox 293 1137 1705 1186; baseline -0.003 -10"><span class='ocrx_word' id='word_1_132' title='bbox 293 1141 332 1176; x_wconf 93' lang='lat' dir='ltr'>in</span> <span class='ocrx_word' id='word_1_133' title='bbox 375 1140 457 1186; x_wconf 87' lang='lat' dir='ltr'>pari</span> <span class='ocrx_word' id='word_1_134' title='bbox 507 1141 591 1175; x_wconf 86' lang='lat' dir='ltr'>fere</span> <span class='ocrx_word' id='word_1_135' title='bbox 639 1139 756 1175; x_wconf 90' lang='lat' dir='ltr'>laude</span> <span class='ocrx_word' id='word_1_136' title='bbox 795 1139 925 1185; x_wconf 85' lang='lat' dir='ltr'>dispar</span> <span class='ocrx_word' id='word_1_137' title='bbox 964 1140 1039 1175; x_wconf 86' lang='lat' dir='ltr'>suit</span> <span class='ocrx_word' id='word_1_138' title='bbox 1086 1139 1198 1175; x_wconf 86' lang='lat' dir='ltr'>ratio.</span> <span class='ocrx_word' id='word_1_139' title='bbox 1257 1138 1429 1174; x_wconf 81' lang='lat' dir='ltr'>Profecti</span> <span class='ocrx_word' id='word_1_140' title='bbox 1469 1148 1521 1173; x_wconf 85' lang='lat' dir='ltr'>ex</span> <span class='ocrx_word' id='word_1_141' title='bbox 1570 1137 1705 1172; x_wconf 88' lang='lat' dir='ltr'>eadem</span> 
     </span>
     <span class='ocr_line' id='line_1_19' title="bbox 293 1193 1706 1241; baseline -0.002 -10"><span class='ocrx_word' id='word_1_142' title='bbox 293 1195 582 1233; x_wconf 87' lang='lat' dir='ltr'>Hemsterhusii</span> <span class='ocrx_word' id='word_1_143' title='bbox 622 1195 844 1241; x_wconf 85' lang='lat' dir='ltr'>disciplina,</span> <span class='ocrx_word' id='word_1_144' title='bbox 878 1195 941 1230; x_wconf 89' lang='lat' dir='ltr'>hic</span> <span class='ocrx_word' id='word_1_145' title='bbox 971 1196 1011 1231; x_wconf 91' lang='lat' dir='ltr'>in</span> <span class='ocrx_word' id='word_1_146' title='bbox 1041 1205 1126 1230; x_wconf 91' lang='lat' dir='ltr'>eam</span> <span class='ocrx_word' id='word_1_147' title='bbox 1167 1197 1331 1230; x_wconf 87' lang='lat' dir='ltr'>venerat</span> <span class='ocrx_word' id='word_1_148' title='bbox 1359 1194 1407 1229; x_wconf 87' lang='lat' dir='ltr'>ab</span> <span class='ocrx_word' id='word_1_149' title='bbox 1449 1193 1706 1229; x_wconf 90' lang='lat' dir='ltr'>Orientalium</span> 
     </span>
     <span class='ocr_line' id='line_1_20' title="bbox 294 1248 1705 1288; baseline -0.004 0"><span class='ocrx_word' id='word_1_150' title='bbox 294 1256 333 1288; x_wconf 87' lang='lat' dir='ltr'>et</span> <span class='ocrx_word' id='word_1_151' title='bbox 370 1262 569 1287; x_wconf 88' lang='lat' dir='ltr'>sacrarum</span> <span class='ocrx_word' id='word_1_152' title='bbox 599 1251 723 1287; x_wconf 90' lang='lat' dir='ltr'>initiis</span> <span class='ocrx_word' id='word_1_153' title='bbox 756 1250 975 1287; x_wconf 79' lang='lat' dir='ltr'>Literarum</span> <span class='ocrx_word' id='word_1_154' title='bbox 1006 1260 1027 1286; x_wconf 92' lang='lat' dir='ltr'>e</span> <span class='ocrx_word' id='word_1_155' title='bbox 1058 1250 1300 1287; x_wconf 86' lang='lat' dir='ltr'>Schultensii</span> <span class='ocrx_word' id='word_1_156' title='bbox 1336 1252 1375 1285; x_wconf 90' lang='lat' dir='ltr'>et</span> <span class='ocrx_word' id='word_1_157' title='bbox 1407 1250 1606 1286; x_wconf 84' lang='lat' dir='ltr'>Venemae</span> <span class='ocrx_word' id='word_1_158' title='bbox 1636 1248 1705 1284; x_wconf 92' lang='lat' dir='ltr'>in-</span> 
     </span>
     <span class='ocr_line' id='line_1_21' title="bbox 293 1304 1706 1353; baseline -0.004 -9"><span class='ocrx_word' id='word_1_159' title='bbox 293 1308 516 1344; x_wconf 82' lang='lat' dir='ltr'>stitutione:</span> <span class='ocrx_word' id='word_1_160' title='bbox 555 1307 621 1342; x_wconf 90' lang='lat' dir='ltr'>ille</span> <span class='ocrx_word' id='word_1_161' title='bbox 652 1317 673 1341; x_wconf 90' lang='lat' dir='ltr'>a</span> <span class='ocrx_word' id='word_1_162' title='bbox 704 1307 889 1343; x_wconf 88' lang='lat' dir='ltr'>Romanis</span> <span class='ocrx_word' id='word_1_163' title='bbox 920 1307 1088 1353; x_wconf 83' lang='lat' dir='ltr'>Literis,</span> <span class='ocrx_word' id='word_1_164' title='bbox 1127 1307 1340 1353; x_wconf 84' lang='lat' dir='ltr'>HistoriiS,</span> <span class='ocrx_word' id='word_1_165' title='bbox 1379 1304 1706 1352; x_wconf 86' lang='lat' dir='ltr'>Iurisprudentia,</span> 
     </span>
     <span class='ocr_line' id='line_1_22' title="bbox 294 1360 1706 1411; baseline -0.004 -11"><span class='ocrx_word' id='word_1_166' title='bbox 294 1375 316 1400; x_wconf 91' lang='lat' dir='ltr'>e</span> <span class='ocrx_word' id='word_1_167' title='bbox 348 1363 489 1399; x_wconf 88' lang='lat' dir='ltr'>Ritteri</span> <span class='ocrx_word' id='word_1_168' title='bbox 528 1363 768 1411; x_wconf 86' lang='lat' dir='ltr'>Bergerique</span> <span class='ocrx_word' id='word_1_169' title='bbox 798 1363 945 1398; x_wconf 87' lang='lat' dir='ltr'>schola.</span> <span class='ocrx_word' id='word_1_170' title='bbox 1001 1364 1047 1399; x_wconf 90' lang='lat' dir='ltr'>ln</span> <span class='ocrx_word' id='word_1_171' title='bbox 1078 1363 1242 1399; x_wconf 83' lang='lat' dir='ltr'>Graecis</span> <span class='ocrx_word' id='word_1_172' title='bbox 1271 1362 1417 1399; x_wconf 87' lang='lat' dir='ltr'>Literis</span> <span class='ocrx_word' id='word_1_173' title='bbox 1448 1361 1550 1397; x_wconf 86' lang='lat' dir='ltr'>haud</span> <span class='ocrx_word' id='word_1_174' title='bbox 1587 1360 1706 1397; x_wconf 86' lang='lat' dir='ltr'>facile</span> 
     </span>
     <span class='ocr_line' id='line_1_23' title="bbox 294 1418 1703 1465; baseline -0.004 -9"><span class='ocrx_word' id='word_1_175' title='bbox 294 1420 443 1456; x_wconf 85' lang='lat' dir='ltr'>dixeris</span> <span class='ocrx_word' id='word_1_176' title='bbox 482 1420 574 1465; x_wconf 88' lang='lat' dir='ltr'>quid</span> <span class='ocrx_word' id='word_1_177' title='bbox 604 1419 716 1455; x_wconf 90' lang='lat' dir='ltr'>alteri</span> <span class='ocrx_word' id='word_1_178' title='bbox 746 1418 917 1455; x_wconf 86' lang='lat' dir='ltr'>defuerit</span> <span class='ocrx_word' id='word_1_179' title='bbox 957 1419 1059 1464; x_wconf 88' lang='lat' dir='ltr'>quod</span> <span class='ocrx_word' id='word_1_180' title='bbox 1090 1419 1203 1454; x_wconf 88' lang='lat' dir='ltr'>alteri</span> <span class='ocrx_word' id='word_1_181' title='bbox 1233 1419 1411 1454; x_wconf 82' lang='lat' dir='ltr'>adesset:</span> <span class='ocrx_word' id='word_1_182' title='bbox 1452 1420 1490 1453; x_wconf 90' lang='lat' dir='ltr'>et</span> <span class='ocrx_word' id='word_1_183' title='bbox 1521 1420 1607 1453; x_wconf 83' lang='lat' dir='ltr'>erat</span> <span class='ocrx_word' id='word_1_184' title='bbox 1636 1419 1703 1452; x_wconf 89' lang='lat' dir='ltr'>ta-</span> 
     </span>
     <span class='ocr_line' id='line_1_24' title="bbox 295 1472 1706 1522; baseline -0.004 -10"><span class='ocrx_word' id='word_1_185' title='bbox 295 1486 379 1512; x_wconf 90' lang='lat' dir='ltr'>men</span> <span class='ocrx_word' id='word_1_186' title='bbox 421 1476 522 1521; x_wconf 88' lang='lat' dir='ltr'>quod</span> <span class='ocrx_word' id='word_1_187' title='bbox 554 1476 651 1511; x_wconf 89' lang='lat' dir='ltr'>alter</span> <span class='ocrx_word' id='word_1_188' title='bbox 688 1475 811 1511; x_wconf 87' lang='lat' dir='ltr'>altero</span> <span class='ocrx_word' id='word_1_189' title='bbox 841 1475 967 1522; x_wconf 88' lang='lat' dir='ltr'>magis</span> <span class='ocrx_word' id='word_1_190' title='bbox 1007 1477 1229 1511; x_wconf 84' lang='lat' dir='ltr'>tractasset.</span> <span class='ocrx_word' id='word_1_191' title='bbox 1289 1474 1463 1519; x_wconf 90' lang='lat' dir='ltr'>Uterque</span> <span class='ocrx_word' id='word_1_192' title='bbox 1502 1475 1541 1509; x_wconf 89' lang='lat' dir='ltr'>et</span> <span class='ocrx_word' id='word_1_193' title='bbox 1581 1472 1706 1509; x_wconf 87' lang='lat' dir='ltr'>Anti-</span> 
     </span>
     <span class='ocr_line' id='line_1_25' title="bbox 294 1529 1704 1577; baseline -0.003 -10"><span class='ocrx_word' id='word_1_194' title='bbox 294 1542 391 1577; x_wconf 86' lang='lat' dir='ltr'>quos</span> <span class='ocrx_word' id='word_1_195' title='bbox 426 1532 646 1577; x_wconf 82' lang='lat' dir='ltr'>Scriptores</span> <span class='ocrx_word' id='word_1_196' title='bbox 679 1541 811 1567; x_wconf 89' lang='lat' dir='ltr'>omnes</span> <span class='ocrx_word' id='word_1_197' title='bbox 852 1541 919 1577; x_wconf 83' lang='lat' dir='ltr'>ea,</span> <span class='ocrx_word' id='word_1_198' title='bbox 960 1541 1073 1576; x_wconf 90' lang='lat' dir='ltr'>quam</span> <span class='ocrx_word' id='word_1_199' title='bbox 1113 1530 1381 1576; x_wconf 81' lang='lat' dir='ltr'>laudavimuS,</span> <span class='ocrx_word' id='word_1_200' title='bbox 1427 1529 1601 1576; x_wconf 86' lang='lat' dir='ltr'>ratione,</span> <span class='ocrx_word' id='word_1_201' title='bbox 1632 1537 1704 1564; x_wconf 88' lang='lat' dir='ltr'>eo-</span> 
     </span>
     <span class='ocr_line' id='line_1_26' title="bbox 294 1585 1706 1633; baseline -0.002 -10"><span class='ocrx_word' id='word_1_202' title='bbox 294 1598 455 1633; x_wconf 89' lang='lat' dir='ltr'>rumque</span> <span class='ocrx_word' id='word_1_203' title='bbox 486 1587 725 1623; x_wconf 83' lang='lat' dir='ltr'>recentiores</span> <span class='ocrx_word' id='word_1_204' title='bbox 756 1587 991 1632; x_wconf 87' lang='lat' dir='ltr'>interpretes</span> <span class='ocrx_word' id='word_1_205' title='bbox 1023 1588 1181 1622; x_wconf 86' lang='lat' dir='ltr'>criticos</span> <span class='ocrx_word' id='word_1_206' title='bbox 1213 1590 1251 1622; x_wconf 88' lang='lat' dir='ltr'>et</span> <span class='ocrx_word' id='word_1_207' title='bbox 1280 1585 1520 1631; x_wconf 84' lang='lat' dir='ltr'>antiquarios</span> <span class='ocrx_word' id='word_1_208' title='bbox 1552 1585 1706 1632; x_wconf 82' lang='lat' dir='ltr'>legerat</span> 
     </span>
     <span class='ocr_line' id='line_1_27' title="bbox 295 1640 1706 1688; baseline -0.003 -9"><span class='ocrx_word' id='word_1_209' title='bbox 295 1654 455 1680; x_wconf 80' lang='lat' dir='ltr'>omnes..</span> <span class='ocrx_word' id='word_1_210' title='bbox 499 1643 578 1679; x_wconf 88' lang='lat' dir='ltr'>Sed</span> <span class='ocrx_word' id='word_1_211' title='bbox 609 1646 690 1678; x_wconf 83' lang='lat' dir='ltr'>crat</span> <span class='ocrx_word' id='word_1_212' title='bbox 722 1646 966 1685; x_wconf 86' lang='lat' dir='ltr'>naturarum,</span> <span class='ocrx_word' id='word_1_213' title='bbox 1009 1646 1047 1678; x_wconf 91' lang='lat' dir='ltr'>et</span> <span class='ocrx_word' id='word_1_214' title='bbox 1077 1642 1247 1688; x_wconf 86' lang='lat' dir='ltr'>ipsorum</span> <span class='ocrx_word' id='word_1_215' title='bbox 1287 1642 1388 1678; x_wconf 86' lang='lat' dir='ltr'>inter</span> <span class='ocrx_word' id='word_1_216' title='bbox 1416 1651 1472 1687; x_wconf 88' lang='lat' dir='ltr'>se,</span> <span class='ocrx_word' id='word_1_217' title='bbox 1505 1644 1543 1677; x_wconf 91' lang='lat' dir='ltr'>et</span> <span class='ocrx_word' id='word_1_218' title='bbox 1572 1640 1706 1688; x_wconf 87' lang='lat' dir='ltr'>magi-</span> 
     </span>
     <span class='ocr_line' id='line_1_28' title="bbox 295 1695 1707 1747; baseline -0.002 -13"><span class='ocrx_word' id='word_1_219' title='bbox 295 1703 434 1747; x_wconf 83' lang='lat' dir='ltr'>strum,</span> <span class='ocrx_word' id='word_1_220' title='bbox 468 1699 758 1735; x_wconf 85' lang='lat' dir='ltr'>dissimilitudO.</span> <span class='ocrx_word' id='word_1_221' title='bbox 817 1701 861 1735; x_wconf 91' lang='lat' dir='ltr'>In</span> <span class='ocrx_word' id='word_1_222' title='bbox 893 1698 1189 1734; x_wconf 86' lang='lat' dir='ltr'>Hemsterhusio</span> <span class='ocrx_word' id='word_1_223' title='bbox 1219 1698 1318 1734; x_wconf 84' lang='lat' dir='ltr'>ratio</span> <span class='ocrx_word' id='word_1_224' title='bbox 1349 1698 1632 1743; x_wconf 84' lang='lat' dir='ltr'>dominabatur,</span> <span class='ocrx_word' id='word_1_225' title='bbox 1658 1695 1707 1731; x_wconf 87' lang='lat' dir='ltr'>ad</span> 
     </span>
     <span class='ocr_line' id='line_1_29' title="bbox 294 1752 1707 1800; baseline -0.002 -10"><span class='ocrx_word' id='word_1_226' title='bbox 294 1755 559 1790; x_wconf 85' lang='lat' dir='ltr'>inventionem</span> <span class='ocrx_word' id='word_1_227' title='bbox 589 1754 733 1789; x_wconf 90' lang='lat' dir='ltr'>sensim</span> <span class='ocrx_word' id='word_1_228' title='bbox 765 1759 803 1789; x_wconf 89' lang='lat' dir='ltr'>et</span> <span class='ocrx_word' id='word_1_229' title='bbox 834 1755 945 1799; x_wconf 81' lang='lat' dir='ltr'>quasi</span> <span class='ocrx_word' id='word_1_230' title='bbox 974 1754 1244 1798; x_wconf 88' lang='lat' dir='ltr'>comparandis</span> <span class='ocrx_word' id='word_1_231' title='bbox 1275 1753 1440 1788; x_wconf 88' lang='lat' dir='ltr'>calculis</span> <span class='ocrx_word' id='word_1_232' title='bbox 1471 1752 1707 1800; x_wconf 86' lang='lat' dir='ltr'>progredie-</span> 
     </span>
     <span class='ocr_line' id='line_1_30' title="bbox 297 1808 1705 1856; baseline -0.002 -10"><span class='ocrx_word' id='word_1_233' title='bbox 297 1811 419 1847; x_wconf 84' lang='lat' dir='ltr'>batur.</span> <span class='ocrx_word' id='word_1_234' title='bbox 477 1812 521 1846; x_wconf 90' lang='lat' dir='ltr'>In</span> <span class='ocrx_word' id='word_1_235' title='bbox 561 1809 827 1845; x_wconf 81' lang='lat' dir='ltr'>Valckenario</span> <span class='ocrx_word' id='word_1_236' title='bbox 859 1811 942 1844; x_wconf 82' lang='lat' dir='ltr'>fere</span> <span class='ocrx_word' id='word_1_237' title='bbox 984 1809 1113 1844; x_wconf 86' lang='lat' dir='ltr'>omnia</span> <span class='ocrx_word' id='word_1_238' title='bbox 1144 1812 1254 1845; x_wconf 85' lang='lat' dir='ltr'>erant</span> <span class='ocrx_word' id='word_1_239' title='bbox 1287 1808 1464 1856; x_wconf 87' lang='lat' dir='ltr'>ingenii,</span> <span class='ocrx_word' id='word_1_240' title='bbox 1505 1808 1634 1843; x_wconf 89' lang='lat' dir='ltr'>subito</span> <span class='ocrx_word' id='word_1_241' title='bbox 1665 1811 1705 1843; x_wconf 88' lang='lat' dir='ltr'>et</span> 
     </span>
     <span class='ocr_line' id='line_1_31' title="bbox 296 1863 1708 1911; baseline -0.002 -10"><span class='ocrx_word' id='word_1_242' title='bbox 296 1866 485 1902; x_wconf 87' lang='lat' dir='ltr'>velociter</span> <span class='ocrx_word' id='word_1_243' title='bbox 504 1866 552 1900; x_wconf 87' lang='lat' dir='ltr'>ad</span> <span class='ocrx_word' id='word_1_244' title='bbox 575 1866 838 1901; x_wconf 88' lang='lat' dir='ltr'>inventionem</span> <span class='ocrx_word' id='word_1_245' title='bbox 866 1867 1077 1909; x_wconf 88' lang='lat' dir='ltr'>ferebatur,</span> <span class='ocrx_word' id='word_1_246' title='bbox 1109 1876 1337 1901; x_wconf 83' lang='lat' dir='ltr'>caussarum</span> <span class='ocrx_word' id='word_1_247' title='bbox 1361 1867 1553 1900; x_wconf 85' lang='lat' dir='ltr'>momenta</span> <span class='ocrx_word' id='word_1_248' title='bbox 1579 1863 1708 1911; x_wconf 87' lang='lat' dir='ltr'>magis</span> 
     </span>
     <span class='ocr_line' id='line_1_32' title="bbox 296 1919 1706 1967; baseline -0.002 -10"><span class='ocrx_word' id='word_1_249' title='bbox 296 1922 491 1958; x_wconf 84' lang='lat' dir='ltr'>sentiebat</span> <span class='ocrx_word' id='word_1_250' title='bbox 530 1932 641 1967; x_wconf 88' lang='lat' dir='ltr'>quam</span> <span class='ocrx_word' id='word_1_251' title='bbox 682 1921 932 1966; x_wconf 83' lang='lat' dir='ltr'>ponderabat.</span> <span class='ocrx_word' id='word_1_252' title='bbox 994 1921 1254 1957; x_wconf 81' lang='lat' dir='ltr'>Ruhnkenius</span> <span class='ocrx_word' id='word_1_253' title='bbox 1293 1920 1458 1956; x_wconf 83' lang='lat' dir='ltr'>mediam</span> <span class='ocrx_word' id='word_1_254' title='bbox 1505 1919 1607 1955; x_wconf 85' lang='lat' dir='ltr'>inter</span> <span class='ocrx_word' id='word_1_255' title='bbox 1653 1930 1706 1955; x_wconf 93' lang='lat' dir='ltr'>u-</span> 
     </span>
     <span class='ocr_line' id='line_1_33' title="bbox 296 1975 1709 2023; baseline -0.002 -10"><span class='ocrx_word' id='word_1_256' title='bbox 296 1983 472 2023; x_wconf 83' lang='lat' dir='ltr'>trumque</span> <span class='ocrx_word' id='word_1_257' title='bbox 515 1978 683 2013; x_wconf 87' lang='lat' dir='ltr'>habebat</span> <span class='ocrx_word' id='word_1_258' title='bbox 727 1982 931 2012; x_wconf 84' lang='lat' dir='ltr'>naturam:</span> <span class='ocrx_word' id='word_1_259' title='bbox 971 1977 1106 2012; x_wconf 88' lang='lat' dir='ltr'>aderat</span> <span class='ocrx_word' id='word_1_260' title='bbox 1147 1978 1314 2022; x_wconf 87' lang='lat' dir='ltr'>impetus</span> <span class='ocrx_word' id='word_1_261' title='bbox 1355 1975 1531 2023; x_wconf 87' lang='lat' dir='ltr'>ingenii,</span> <span class='ocrx_word' id='word_1_262' title='bbox 1573 1975 1709 2011; x_wconf 76' lang='lat' dir='ltr'>aderat</span> 
     </span>
     <span class='ocr_line' id='line_1_34' title="bbox 295 2031 1708 2081; baseline -0.001 -12"><span class='ocrx_word' id='word_1_263' title='bbox 295 2044 394 2080; x_wconf 89' lang='lat' dir='ltr'>quae</span> <span class='ocrx_word' id='word_1_264' title='bbox 424 2035 607 2080; x_wconf 87' lang='lat' dir='ltr'>impetum</span> <span class='ocrx_word' id='word_1_265' title='bbox 640 2037 797 2081; x_wconf 83' lang='lat' dir='ltr'>regeret</span> <span class='ocrx_word' id='word_1_266' title='bbox 826 2033 948 2068; x_wconf 86' lang='lat' dir='ltr'>ratio:</span> <span class='ocrx_word' id='word_1_267' title='bbox 992 2043 1063 2068; x_wconf 87' lang='lat' dir='ltr'>nec</span> <span class='ocrx_word' id='word_1_268' title='bbox 1093 2032 1311 2068; x_wconf 90' lang='lat' dir='ltr'>disserendi</span> <span class='ocrx_word' id='word_1_269' title='bbox 1351 2031 1555 2079; x_wconf 88' lang='lat' dir='ltr'>diligentia</span> <span class='ocrx_word' id='word_1_270' title='bbox 1584 2031 1708 2067; x_wconf 88' lang='lat' dir='ltr'>cede-</span> 
     </span>
     <span class='ocr_line' id='line_1_35' title="bbox 294 2086 1710 2138; baseline -0.003 -12"><span class='ocrx_word' id='word_1_271' title='bbox 294 2092 361 2127; x_wconf 85' lang='lat' dir='ltr'>bat</span> <span class='ocrx_word' id='word_1_272' title='bbox 396 2090 608 2138; x_wconf 86' lang='lat' dir='ltr'>magistro,</span> <span class='ocrx_word' id='word_1_273' title='bbox 650 2100 720 2126; x_wconf 88' lang='lat' dir='ltr'>nec</span> <span class='ocrx_word' id='word_1_274' title='bbox 767 2088 1002 2125; x_wconf 90' lang='lat' dir='ltr'>coniiciendi</span> <span class='ocrx_word' id='word_1_275' title='bbox 1051 2086 1209 2124; x_wconf 86' lang='lat' dir='ltr'>solertia</span> <span class='ocrx_word' id='word_1_276' title='bbox 1251 2088 1542 2134; x_wconf 85' lang='lat' dir='ltr'>condiscipulo:</span> <span class='ocrx_word' id='word_1_277' title='bbox 1590 2090 1710 2123; x_wconf 87' lang='lat' dir='ltr'>utra-</span> 
     </span>
     <span class='ocr_line' id='line_1_36' title="bbox 295 2142 1705 2193; baseline -0.002 -11"><span class='ocrx_word' id='word_1_278' title='bbox 295 2157 370 2193; x_wconf 87' lang='lat' dir='ltr'>que</span> <span class='ocrx_word' id='word_1_279' title='bbox 407 2147 476 2183; x_wconf 89' lang='lat' dir='ltr'>illa</span> <span class='ocrx_word' id='word_1_280' title='bbox 514 2147 603 2182; x_wconf 91' lang='lat' dir='ltr'>dote</span> <span class='ocrx_word' id='word_1_281' title='bbox 655 2146 811 2182; x_wconf 84' lang='lat' dir='ltr'>valebat</span> <span class='ocrx_word' id='word_1_282' title='bbox 852 2146 1028 2190; x_wconf 81' lang='lat' dir='ltr'>profecta</span> <span class='ocrx_word' id='word_1_283' title='bbox 1065 2155 1115 2180; x_wconf 85' lang='lat' dir='ltr'>ex</span> <span class='ocrx_word' id='word_1_284' title='bbox 1156 2142 1237 2190; x_wconf 88' lang='lat' dir='ltr'>pari</span> <span class='ocrx_word' id='word_1_285' title='bbox 1283 2148 1322 2180; x_wconf 91' lang='lat' dir='ltr'>et</span> <span class='ocrx_word' id='word_1_286' title='bbox 1366 2144 1559 2179; x_wconf 90' lang='lat' dir='ltr'>acuminis</span> <span class='ocrx_word' id='word_1_287' title='bbox 1595 2143 1705 2179; x_wconf 87' lang='lat' dir='ltr'>cele·</span> 
     </span>
     <span class='ocr_line' id='line_1_37' title="bbox 295 2199 1706 2249; baseline -0.004 -11"><span class='ocrx_word' id='word_1_288' title='bbox 295 2203 433 2249; x_wconf 86' lang='lat' dir='ltr'>ritate,</span> <span class='ocrx_word' id='word_1_289' title='bbox 490 2205 527 2238; x_wconf 89' lang='lat' dir='ltr'>et</span> <span class='ocrx_word' id='word_1_290' title='bbox 563 2202 700 2238; x_wconf 89' lang='lat' dir='ltr'>iudicii</span> <span class='ocrx_word' id='word_1_291' title='bbox 741 2200 972 2238; x_wconf 86' lang='lat' dir='ltr'>subtilitate.</span> <span class='ocrx_word' id='word_1_292' title='bbox 1032 2200 1290 2237; x_wconf 82' lang='lat' dir='ltr'>Valckenarii</span> <span class='ocrx_word' id='word_1_293' title='bbox 1328 2199 1424 2235; x_wconf 88' lang='lat' dir='ltr'>mira</span> <span class='ocrx_word' id='word_1_294' title='bbox 1466 2199 1543 2234; x_wconf 84' lang='lat' dir='ltr'>suit</span> <span class='ocrx_word' id='word_1_295' title='bbox 1580 2209 1706 2246; x_wconf 84' lang='lat' dir='ltr'>saga-</span> 
     </span>
     <span class='ocr_line' id='line_1_38' title="bbox 299 2254 1709 2305; baseline -0.004 -11"><span class='ocrx_word' id='word_1_296' title='bbox 299 2258 398 2294; x_wconf 87' lang='lat' dir='ltr'>citas</span> <span class='ocrx_word' id='word_1_297' title='bbox 464 2258 503 2293; x_wconf 92' lang='lat' dir='ltr'>in</span> <span class='ocrx_word' id='word_1_298' title='bbox 564 2261 767 2296; x_wconf 71' lang='lat' dir='ltr'>Poetarum</span> <span class='ocrx_word' id='word_1_299' title='bbox 826 2256 1060 2305; x_wconf 87' lang='lat' dir='ltr'>fragmentis</span> <span class='ocrx_word' id='word_1_300' title='bbox 1133 2267 1203 2303; x_wconf 90' lang='lat' dir='ltr'>per</span> <span class='ocrx_word' id='word_1_301' title='bbox 1258 2256 1386 2292; x_wconf 85' lang='lat' dir='ltr'>omnia</span> <span class='ocrx_word' id='word_1_302' title='bbox 1445 2254 1709 2299; x_wconf 84' lang='lat' dir='ltr'>Antiquitatis</span> 
     </span>
     <span class='ocr_line' id='line_1_39' title="bbox 296 2310 1707 2360; baseline -0.003 -11"><span class='ocrx_word' id='word_1_303' title='bbox 296 2317 541 2350; x_wconf 88' lang='lat' dir='ltr'>monumenta</span> <span class='ocrx_word' id='word_1_304' title='bbox 578 2314 768 2360; x_wconf 87' lang='lat' dir='ltr'>dispersis</span> <span class='ocrx_word' id='word_1_305' title='bbox 798 2325 844 2350; x_wconf 90' lang='lat' dir='ltr'>ac</span> <span class='ocrx_word' id='word_1_306' title='bbox 880 2313 1090 2349; x_wconf 84' lang='lat' dir='ltr'>latentibus</span> <span class='ocrx_word' id='word_1_307' title='bbox 1120 2312 1430 2360; x_wconf 80' lang='lat' dir='ltr'>investigandis,</span> <span class='ocrx_word' id='word_1_308' title='bbox 1473 2310 1707 2357; x_wconf 81' lang='lat' dir='ltr'>excitandis,</span> 
     </span>
     <span class='ocr_line' id='line_1_40' title="bbox 204 2364 1706 2415; baseline -0.003 -9"><span class='ocrx_word' id='word_1_309' title='bbox 204 2364 582 2409; x_wconf 82' lang='lat' dir='ltr'>135instaurandis:</span> <span class='ocrx_word' id='word_1_310' title='bbox 614 2381 688 2415; x_wconf 89' lang='lat' dir='ltr'>quo</span> <span class='ocrx_word' id='word_1_311' title='bbox 719 2370 757 2405; x_wconf 92' lang='lat' dir='ltr'>in</span> <span class='ocrx_word' id='word_1_312' title='bbox 791 2370 957 2406; x_wconf 89' lang='lat' dir='ltr'>Critices</span> <span class='ocrx_word' id='word_1_313' title='bbox 991 2380 1148 2405; x_wconf 89' lang='lat' dir='ltr'>munere</span> <span class='ocrx_word' id='word_1_314' title='bbox 1177 2369 1325 2415; x_wconf 86' lang='lat' dir='ltr'>primus</span> <span class='ocrx_word' id='word_1_315' title='bbox 1355 2366 1543 2403; x_wconf 80' lang='lat' dir='ltr'>excelluit</span> <span class='ocrx_word' id='word_1_316' title='bbox 1571 2366 1706 2403; x_wconf 85' lang='lat' dir='ltr'>Scali-</span> 
     </span>
     <span class='ocr_line' id='line_1_41' title="bbox 299 2423 1708 2473; baseline -0.004 -11"><span class='ocrx_word' id='word_1_317' title='bbox 299 2436 397 2473; x_wconf 80' lang='lat' dir='ltr'>ger,</span> <span class='ocrx_word' id='word_1_318' title='bbox 426 2431 503 2462; x_wconf 87' lang='lat' dir='ltr'>tum</span> <span class='ocrx_word' id='word_1_319' title='bbox 535 2427 756 2462; x_wconf 75' lang='lat' dir='ltr'>Bentleius:</span> <span class='ocrx_word' id='word_1_320' title='bbox 798 2427 861 2462; x_wconf 88' lang='lat' dir='ltr'>cui</span> <span class='ocrx_word' id='word_1_321' title='bbox 891 2429 933 2462; x_wconf 89' lang='lat' dir='ltr'>ut</span> <span class='ocrx_word' id='word_1_322' title='bbox 965 2426 1275 2470; x_wconf 88' lang='lat' dir='ltr'>Valckenarius,</span> <span class='ocrx_word' id='word_1_323' title='bbox 1306 2426 1360 2460; x_wconf 86' lang='lat' dir='ltr'>ita</span> <span class='ocrx_word' id='word_1_324' title='bbox 1392 2423 1481 2459; x_wconf 85' lang='lat' dir='ltr'>huic</span> <span class='ocrx_word' id='word_1_325' title='bbox 1509 2423 1708 2469; x_wconf 85' lang='lat' dir='ltr'>proximus</span> 
     </span>
     <span class='ocr_line' id='line_1_42' title="bbox 300 2479 1706 2526; baseline -0.003 -9"><span class='ocrx_word' id='word_1_326' title='bbox 300 2483 375 2517; x_wconf 80' lang='lat' dir='ltr'>t&#39;uit</span> <span class='ocrx_word' id='word_1_327' title='bbox 416 2483 687 2519; x_wconf 79' lang='lat' dir='ltr'>Ruhnkenius.</span> <span class='ocrx_word' id='word_1_328' title='bbox 747 2483 819 2518; x_wconf 90' lang='lat' dir='ltr'>Hic</span> <span class='ocrx_word' id='word_1_329' title='bbox 861 2493 933 2517; x_wconf 92' lang='lat' dir='ltr'>non</span> <span class='ocrx_word' id='word_1_330' title='bbox 967 2486 1171 2518; x_wconf 87' lang='lat' dir='ltr'>contentus</span> <span class='ocrx_word' id='word_1_331' title='bbox 1209 2481 1325 2516; x_wconf 89' lang='lat' dir='ltr'>editis</span> <span class='ocrx_word' id='word_1_332' title='bbox 1356 2481 1542 2516; x_wconf 89' lang='lat' dir='ltr'>Veterum</span> <span class='ocrx_word' id='word_1_333' title='bbox 1581 2479 1706 2526; x_wconf 80' lang='lat' dir='ltr'>libris,</span> 
     </span>
     <span class='ocr_line' id='line_1_43' title="bbox 299 2535 1709 2584; baseline -0.002 -11"><span class='ocrx_word' id='word_1_334' title='bbox 299 2538 468 2573; x_wconf 87' lang='lat' dir='ltr'>ineditos</span> <span class='ocrx_word' id='word_1_335' title='bbox 501 2539 613 2575; x_wconf 86' lang='lat' dir='ltr'>etiam</span> <span class='ocrx_word' id='word_1_336' title='bbox 647 2540 947 2574; x_wconf 86' lang='lat' dir='ltr'>consectabatur</span> <span class='ocrx_word' id='word_1_337' title='bbox 978 2549 1131 2574; x_wconf 89' lang='lat' dir='ltr'>omnes:</span> <span class='ocrx_word' id='word_1_338' title='bbox 1162 2538 1391 2584; x_wconf 84' lang='lat' dir='ltr'>Rhetorum,</span> <span class='ocrx_word' id='word_1_339' title='bbox 1424 2535 1709 2572; x_wconf 82' lang='lat' dir='ltr'>Grammatico-</span> 
     </span>
    </p>
   </div>
   <div class='ocr_carea' id='block_1_3' title="bbox 298 2634 1709 2767">
    <p class='ocr_par' dir='ltr' id='par_1_3' title="bbox 298 2634 1709 2767">
     <span class='ocr_line' id='line_1_44' title="bbox 298 2634 1709 2680; baseline -0.001 -11"><span class='ocrx_word' id='word_1_340' title='bbox 298 2639 327 2677; x_wconf 85' lang='lat'>&#39;)</span> <span class='ocrx_word' id='word_1_341' title='bbox 353 2640 514 2675; x_wconf 74' lang='lat' dir='ltr'>Magnum</span> <span class='ocrx_word' id='word_1_342' title='bbox 539 2640 638 2669; x_wconf 82' lang='lat' dir='ltr'>illum</span> <span class='ocrx_word' id='word_1_343' title='bbox 659 2638 833 2670; x_wconf 78' lang='lat' dir='ltr'>Ioannem</span> <span class='ocrx_word' id='word_1_344' title='bbox 856 2638 1111 2680; x_wconf 73' lang='lat' dir='ltr'>Freaericum,</span> <span class='ocrx_word' id='word_1_345' title='bbox 1138 2636 1197 2676; x_wconf 86' lang='lat' dir='ltr'>qni</span> <span class='ocrx_word' id='word_1_346' title='bbox 1222 2634 1296 2665; x_wconf 72' lang='lat' dir='ltr'>sere</span> <span class='ocrx_word' id='word_1_347' title='bbox 1319 2635 1532 2674; x_wconf 72' lang='lat' dir='ltr'>intelligitur</span> <span class='ocrx_word' id='word_1_348' title='bbox 1550 2635 1709 2665; x_wconf 79' lang='lat' dir='ltr'>ubicum-</span> 
     </span>
     <span class='ocr_line' id='line_1_45' title="bbox 345 2679 1708 2724; baseline -0.002 -11"><span class='ocrx_word' id='word_1_349' title='bbox 345 2691 411 2722; x_wconf 86' lang='lat' dir='ltr'>que</span> <span class='ocrx_word' id='word_1_350' title='bbox 451 2685 546 2713; x_wconf 79' lang='lat' dir='ltr'>nulla</span> <span class='ocrx_word' id='word_1_351' title='bbox 576 2684 709 2713; x_wconf 79' lang='lat' dir='ltr'>diserta</span> <span class='ocrx_word' id='word_1_352' title='bbox 741 2683 804 2714; x_wconf 89' lang='lat' dir='ltr'>filii</span> <span class='ocrx_word' id='word_1_353' title='bbox 840 2683 976 2724; x_wconf 72' lang='lat' dir='ltr'>Iacchi,</span> <span class='ocrx_word' id='word_1_354' title='bbox 1012 2687 1073 2714; x_wconf 81' lang='lat' dir='ltr'>ant</span> <span class='ocrx_word' id='word_1_355' title='bbox 1108 2681 1246 2721; x_wconf 79' lang='lat' dir='ltr'>nepotis</span> <span class='ocrx_word' id='word_1_356' title='bbox 1270 2679 1469 2712; x_wconf 73' lang='lat' dir='ltr'>Abralaeami</span> <span class='ocrx_word' id='word_1_357' title='bbox 1503 2681 1635 2710; x_wconf 86' lang='lat' dir='ltr'>mentio</span> <span class='ocrx_word' id='word_1_358' title='bbox 1659 2679 1708 2719; x_wconf 77' lang='lat' dir='ltr'>fit,</span> 
     </span>
     <span class='ocr_line' id='line_1_46' title="bbox 345 2723 1677 2767; baseline -0.004 -7"><span class='ocrx_word' id='word_1_359' title='bbox 345 2727 459 2760; x_wconf 80' lang='lat' dir='ltr'>laudis</span> <span class='ocrx_word' id='word_1_360' title='bbox 484 2730 519 2759; x_wconf 84' lang='lat' dir='ltr'>in</span> <span class='ocrx_word' id='word_1_361' title='bbox 544 2729 604 2759; x_wconf 82' lang='lat' dir='ltr'>illa</span> <span class='ocrx_word' id='word_1_362' title='bbox 628 2732 736 2767; x_wconf 78' lang='lat' dir='ltr'>gente</span> <span class='ocrx_word' id='word_1_363' title='bbox 760 2732 898 2767; x_wconf 84' lang='lat' dir='ltr'>auctor,</span> <span class='ocrx_word' id='word_1_364' title='bbox 925 2732 961 2758; x_wconf 87' lang='lat' dir='ltr'>ut</span> <span class='ocrx_word' id='word_1_365' title='bbox 985 2729 1078 2759; x_wconf 82' lang='lat' dir='ltr'>infra</span> <span class='ocrx_word' id='word_1_366' title='bbox 1102 2727 1232 2757; x_wconf 84' lang='lat' dir='ltr'>dicitur</span> <span class='ocrx_word' id='word_1_367' title='bbox 1255 2734 1285 2764; x_wconf 86' lang='lat' dir='ltr'>p.</span> <span class='ocrx_word' id='word_1_368' title='bbox 1313 2723 1391 2756; x_wconf 81' lang='lat'>191.</span> <span class='ocrx_word' id='word_1_369' title='bbox 1440 2724 1677 2756; x_wconf 82' lang='lat' dir='ltr'><strong>BERGMAN.</strong></span> 
     </span>
    </p>
   </div>
  </div>
 </body>
</html>
