1816 3233
646 212 955 254 —189—

92 283 447 360 fsegffgsffifng'tator.
493 327 571 359 Hoc
594 327 786 365 vocabulo,
810 327 900 367 quod
925 326 1020 356 lovis
1047 327 1228 367 proprium
1253 334 1337 357 esse
1361 330 1510 366 constat,

251 372 441 412 aliquoties
465 372 500 403 in
526 373 592 403 hoc
617 372 704 403 libro
738 379 822 403 usus
854 375 908 402 cst
932 371 1141 411 W'yttenb.,
1181 380 1236 403 me
1269 372 1407 412 quidem
1438 381 1510 403 non

249 419 362 457 magis
388 417 562 456 probante
593 425 694 457 quam
727 418 816 456 quod
841 417 1028 448 Ernestius
1054 417 1290 457 Stieglitzium
1316 425 1415 448 suum
1438 427 1509 457 pa-

249 463 396 493 tronum
419 463 591 501 optimum
615 464 812 494 maximum
837 462 1033 501 appellavit.
1083 462 1270 502 Aliquanto
1295 463 1408 502 magis
1434 463 1512 501 pla-

249 510 307 537 cet
330 507 528 538 conditoris
553 515 629 538 voc.
657 507 711 538 vel
730 507 964 547 virgilianum
980 506 1161 546 fundator
1185 508 1243 538 vel
1268 509 1380 546 ipsum
1405 509 1511 538 etiam

251 553 482 582 Annaeanum
507 551 700 582 stabilitor.
748 553 867 591 Aeque
898 552 1062 589 displicet
1094 554 1196 582 etiam
1227 553 1398 583 stationis
1430 561 1510 584 voc.

251 597 312 635 (cf.
339 597 431 627 infra
456 605 509 626 vs.
537 594 606 636 18.)
641 605 708 636 quo
744 596 890 627 mirifice
920 596 1117 627 delectatur
1141 597 1280 636 Wytt.;
1320 600 1355 628 et
1386 596 1511 628 licebat

250 645 365 671 tamen
385 641 546 672 muneris
572 641 627 671 vel
654 643 760 672 etiam
787 640 854 672 loct
878 649 956 673 voc.
981 641 1194 673 substituere
1213 641 1509 674 commodissime.

255 684 309 717 cf.
334 684 413 716 adn.
440 684 481 715 ad
509 694 588 726 pag.
613 686 667 724 31,
691 687 723 716 S.

111 745 148 753 -—
178 745 217 752 —
237 746 273 752 —
307 729 534 761 Maecenatis
569 732 787 771 eoanomine.
847 730 1080 762 Maecenates
1120 737 1214 760 nuuc
1257 731 1380 761 vocari
1419 733 1511 770 opti-

249 782 384 806 marum
410 774 591 805 literarum
615 778 651 807 et
673 778 798 807 artium
828 779 1017 815 pati-oum,
1052 777 1086 806 in
1122 776 1252 815 vulgus
1282 778 1403 807 notum
1436 781 1510 808 est:

251 824 288 851 et
318 821 386 850 iam
417 820 596 852 Martialis
626 820 684 851 lib.
721 820 811 852 vill.
842 823 954 862 epigr.
985 822 1046 859 56,
1076 821 1109 850 5.
1147 820 1232 851 Sint
1261 820 1510 863 Maecenates,

249 866 374 905 inquit,
398 872 470 894 non
487 864 656 906 deerunt,
682 865 833 905 Flaece,
858 866 1044 897 Marones.
1078 864 1145 895 Sed
1170 873 1278 904 eques
1301 865 1514 897 ille'l'uscus

251 918 332 941 num
356 911 433 940 iure
457 916 499 940 ac
524 911 650 940 merito
675 912 717 941 ad
744 914 873 941 tantam
900 912 1016 941 famae
1040 910 1304 951 celebritatem,
1329 918 1374 941 ne
1397 911 1510 943 dicam

251 954 573 991 immortalitatem,
611 957 836 993 pervenerit,
871 956 1100 986 veliementer
1130 955 1259 986 dubito.
1312 954 1510 987 verissime

250 1000 478 1032 Wielandus:
520 1000 766 1039 „Maeeenas,
803 1001 865 1031 der
900 1008 940 1031 es
977 1001 1073 1031 bloss
1110 1001 1232 1031 seiner
1266 1000 1430 1040 Neigung
1465 1009 1509 1031 zu

251 1044 422 1075 Dichtern
455 1044 526 1074 und
557 1044 711 1076 scliiinen
744 1045 910 1076 Geistern
945 1054 991 1075 zu
1025 1043 1166 1076 dankeu
1200 1046 1278 1083 liat,
1317 1046 1400 1076 dass
1432 1047 1509 1076 sein

251 1089 386 1120 Nalime
410 1090 542 1120 bereits
567 1090 738 1120 aclitzelin
760 1090 993 1121 labrliundert
1016 1090 1100 1129 lang
1124 1091 1181 1120 ein
1205 1090 1402 1121 Elirentitel
1428 1091 1510 1121 ist-‘⁶

105 1150 146 1157 —
178 1133 284 1165 -23,
311 1134 496 1165 luculento
520 1149 562 1155 -
586 1135 737 1166 salario.
791 1135 1016 1166 Luculentus
1048 1135 1221 1174 quomodo
1254 1135 1409 1175 dicatur,
1445 1144 1512 1175 ap-

252 1182 352 1219 paret
383 1186 427 1209 ex
457 1179 503 1209 iis
535 1187 622 1219 quae
654 1188 759 1218 supra
784 1180 933 1210 diximus
961 1180 1002 1210 ad
1030 1188 1106 1220 pag.
1133 1180 1188 1218 63,
1212 1182 1245 1211 5.
1294 1181 1344 1211 De
1368 1181 1510 1211 salario

250 1225 340 1255 haec
364 1222 551 1255 adnotavit
573 1225 811 1264 Bergmanus:
839 1225 1072 1265 „Salarium
1097 1225 1225 1262 bonae,
1251 1227 1414 1264 quamvis
1440 1234 1510 1256 non

251 1271 421 1308 optimae,
455 1270 585 1299 aetatis
611 1278 699 1309 vox,
734 1273 877 1308 proprie
902 1273 956 1300 est
988 1277 1137 1300 annona
1160 1270 1276 1310 salis,
1313 1279 1401 1310 quae
1425 1271 1510 1302 olim

249 1314 398 1345 dabatur
434 1312 621 1353 militibus,
657 1317 746 1344 teste
786 1314 902 1345 Plinio
934 1315 1023 1345 Hist.
1061 1313 1137 1344 Nat.
1171 1313 1312 1355 XXXI,
1348 1314 1381 1344 7.
1430 1315 1510 1346 Vid.

249 1358 405 1390 Faccioi.
436 1358 665 1396 [Forcellin.]
699 1367 787 1390 voce
820 1355 1044 1390 Salarins.“
1099 1359 1168 1389 Pro
1205 1367 1249 1390 eo
1289 1363 1371 1391 sunt
1409 1360 1511 1392 hodie

250 1404 375 1443 quibus
407 1404 518 1443 magis
550 1404 689 1443 placeat
717 1404 882 1435 muneris
911 1412 1046 1436 merces
1078 1403 1135 1434 vel
1168 1406 1327 1436 muneris
1358 1406 1510 1437 reditas.

248 1449 331 1480 vid.
356 1448 487 1479 Krebs.
511 1449 535 1479 l.
563 1449 583 1479 Ι.
609 1456 686 1488 pag.
713 1449 792 1480 701.

91 1493 216 1528 113.—
232 1493 265 1527 1.
289 1494 457 1534 accipere
485 1494 737 1533 persuaderet.
783 1495 881 1525 Rara
913 1501 979 1525 nec
1012 1493 1175 1524 imitanda
1206 1496 1394 1526 structura.
1452 1497 1512 1528 Sic

251 1543 366 1571 tamen
391 1537 501 1569 Corn.
524 1539 608 1577 Nep.
634 1539 685 1577 X,
710 1540 749 1578 3,
774 1540 806 1569 3.
831 1540 873 1570 ut
894 1540 925 1570 et
948 1540 1191 1580 persuaserit,
1216 1540 1424 1579 tyrannidis
1444 1543 1511 1583 fa-

249 1593 330 1616 cere
351 1580 459 1623 finem
483 1583 756 1624 libertatemque
779 1584 931 1615 reddere
952 1584 1210 1622 Syracusanis.
1258 1586 1430 1617 >Similiter
1454 1589 1511 1617 iu-

250 1628 434 1660 dicandum
458 1630 513 1659 est·
538 1628 581 1659 de
603 1630 649 1658 iis
673 1637 760 1668 quae
783 1629 875 1659 infra
900 1629 1066 1668 leguntur
1095 1636 1173 1668 pag.
1199 1628 1282 1669 240,
1311 1631 1343 1660 3.
1376 1631 1512 1662 Versus

248 1673 374 1715 facere
405 1674 579 1704 neminem
613 1673 847 1704 hortabatur.
888 1676 1028 1704 etiamsi
1063 1672 1192 1705 Cicero
1231 1675 1286 1705 sic
1322 1676 1408 1706 dixit
1444 1684 1510 1716 pro

251 1720 369 1750 Sestio
403 1719 436 1757 §-
462 1717 493 1747 7.
527 1722 616 1749 extr.
649 1719 738 1750 haec
770 1720 913 1750 minora
945 1719 1152 1759 relinquere
1183 1719 1368 1751 hortatur.
1421 1721 1511 1753 Vide

252 1764 296 1794 de
313 1764 377 1794 hac
393 1766 575 1794 structura
598 1766 634 1794 et
648 1763 820 1794 similibus
836 1764 1028 1804 prudenter
1045 1764 1292 1795 admonentem
1313 1765 1511 1806 Zumptium

252 1807 315 1840 Gr.
341 1807 382 1837 1..
407 1808 441 1846 S.
467 1808 544 1838 616.

115 1868 152 1877 -
181 1867 218 1894 τ·
236 1852 291 1885 17.
317 1859 445 1884 recens
468 1852 661 1887 advenam.
712 1852 764 1883 De
789 1859 918 1884 recens
942 1852 1021 1884 adv.
1046 1860 1154 1892 supra
1178 1852 1247 1884 dixi
1273 1853 1316 1883 ad
1344 1852 1428 1893 112,
1453 1854 1509 1888 11.

251 1897 307 1937 61,
330 1897 386 1928 23.
435 1897 502 1928 Sed
529 1898 616 1928 illud
643 1904 782 1937 quoque
806 1898 836 1927 li.
864 1899 887 1928 l.
913 1902 967 1929 est
991 1898 1162 1939 notabile,
1187 1898 1279 1938 quod
1303 1899 1509 1933 adverbium

253 1950 332 1973 cuin
375 1942 601 1974 substantivo
643 1943 840 1981 copulatur.
908 1942 1081 1982 (Nonum
1118 1943 1293 1984 Layduni
1330 1945 1510 1978 advenam

251 1989 340 2019 dixit
368 1988 464 2018 infra
496 1995 578 2026 pag.
610 1987 697 2026 258,
735 1986 787 2017 14.
830 1988 922 2026 quod
956 1995 1001 2018 ne
1039 1989 1151 2026 ipsum
1192 1988 1327 2026 quidem
1368 1990 1510 2032 placet.)

252 2033 351 2064 Talia
391 2033 486 2062 enim
528 2033 667 2063 tametsi
707 2039 958 2072 nonnunquam
998 2033 1088 2070 apud
1127 2035 1273 2064 veteres
1313 2035 1510 2074 scriptores

255 2078 480 2116 reperiuntur
506 2074 620 2116 (velut
643 2076 753 2107 Plaut.
778 2077 878 2108 Pers.
905 2077 962 2116 lv,
989 2077 1020 2115 1,
1044 2077 1099 2108 57.
1127 2076 1180 2108 Tu
1200 2085 1301 2109 nunc
1323 2078 1510 2112 hominum

254 2129 375 2154 mores
397 2121 510 2152 vides.
535 2122 608 2152 τῶν
624 2122 685 2152 νῦν
708 2119 914 2164 ἀνθρώπιον.
965 2123 1078 2153 Tacit.
1106 2123 1233 2153 Annal.
1258 2122 1302 2162 ll,
1325 2123 1380 2154 20.
1409 2124 1508 2157 Gra-

243 2167 353 2198 ‘vibus
381 2174 540 2207 superne
574 2166 704 2198 ictibus
728 2166 1056 2207 conflictabantur.
1094 2166 1183 2206 XlI,
1217 2167 1270 2198 61.
1304 2168 1416 2199 nullis
1442 2179 1508 2201 εει·-

246 2213 433 2243 trinsecus
467 2211 692 2242 adiumentis
726 2212 874 2242 velavit.
933 2213 1012 2242 Liv.
1048 2211 1099 2251 ll,
1129 2212 1186 2242 23.
1224 2211 1511 2253 Eoeprobrcmtes

250 2265 355 2288 suam
378 2257 529 2297 quisque
554 2257 650 2287 altus
674 2255 764 2287 alibi
787 2256 972 2288 militiam.
1004 2256 1136 2296 XXIV,
1162 2258 1195 2287 3.
1221 2258 1384 2288 omnibus
1404 2260 1508 2291 circa

250 2300 410 2342 populis.
439 2300 509 2332 vid.
535 2300 694 2332 Glossar.
723 2301 859 2330 Livian.
886 2308 965 2340 pag.
991 2303 1046 2332 95.
1072 2300 1242 2341 Kreyss.)
1275 2310 1352 2335 cum
1380 2312 1508 2344 magna

255 2349 371 2377 tamen
397 2347 562 2377 cautione
586 2346 628 2376 ab
654 2345 756 2376 nobis
781 2346 964 2377 tractanda
981 2354 1060 2376 esse
1077 2346 1313 2385 imitandaque
1330 2348 1509 2381 videntur.

253 2391 335 2421 Vid.
358 2391 499 2429 Zumpt.
526 2390 587 2422 Gr.
616 2392 653 2420 [ι.
687 2390 720 2428 S.
745 2390 821 2420 262.
855 2391 933 2421 adn.
980 2391 1018 2422 ln
1055 2392 1135 2422 loco
1169 2391 1354 2423 Ciceronis
1391 2392 1508 2435 (quein

251 2435 413 2467 laudavit
434 2436 610 2476 Krueger.
647 2434 709 2466 Gr.
743 2435 775 2472 S.
801 2433 880 2466 502.
906 2435 984 2466 adn.
1013 2435 1063 2475 2.)
1096 2436 1199 2467 Verr.
1225 2436 1272 2475 V,
1297 2438 1355 2468 50.
1389 2446 1507 2479 prae-

250 2481 364 2522 fuisse
392 2480 508 2511 classi
538 2479 665 2520 populi
687 2479 791 2510 Rom.
818 2480 980 2512 Siculum
993 2502 1006 2523 ,
1040 2482 1222 2521 perpetuo
1255 2483 1366 2514 sociis
1397 2483 1508 2525 atque

251 2526 378 2557 amieis
401 2525 691 2565 Syracusanam.
724 2526 784 2554 vix
814 2524 952 2556 dubites
984 2528 1067 2566 quin
1097 2526 1204 2557 sociis
1235 2528 1370 2566 pariter
1400 2532 1507 2570 atque

250 2571 377 2602 amicis
400 2578 464 2609 pro
489 2570 668 2601 adiectivo
693 2570 805 2608 possit
830 2570 963 2602 haberi.
1001 2572 1099 2608 Quae
1124 2578 1227 2611 quum
1250 2573 1302 2603 ita
1324 2574 1409 2614 sint,
1432 2583 1508 2606 me-

249 2616 318 2647 lius
339 2623 426 2646 sane
457 2616 511 2646 sic
533 2616 736 2655 scripsisset
758 2615 1077 2653 &vyttenbachiuffi
1111 2615 1225 2656 paulo
1249 2616 1343 2655 (non
1368 2619 1507 2660 multo)

189 2671 193 2674 >
248 2661 334 2701 post
356 2660 554 2691 adventum
576 2661 615 2691 z'n
641 2659 836 2691 Bataviam
860 2658 922 2699 (in
946 2659 1042 2691 hanc
1063 2659 1232 2702 urbem),
1257 2661 1318 2693 ubi
1338 2664 1506 2703 primum

250 2705 287 2736 in
321 2705 519 2736 Bataviam
550 2705 670 2745 venit,
706 2712 818 2745 quum
848 2712 920 2735 non
952 2706 1004 2736 ita
1034 2705 1178 2746 pridem
1209 2706 1414 2741 advenisset
1447 2709 1505 2741 vei

251 2751 357 2781 etiam
388 2758 498 2791 quum
521 2758 539 2782 e
562 2750 733 2780 Samonta
762 2756 894 2780 reeens
926 2751 1026 2782 esset.
1066 2748 1152 2792 (Cic.
1186 2751 1223 2782 in
1246 2752 1350 2787 Verr.
1380 2756 1448 2787 act.
1474 2754 1504 2789 1.

254 2802 333 2842 cap.
356 2793 390 2826 2.
415 2795 449 2835 §-
473 2796 507 2829 5.
539 2803 647 2839 quum
671 2801 690 2827 e
712 2795 909 2836 provincia
932 2801 1057 2829 rec-ens
1080 2793 1198 2844 esset.)
