1833 3237
652 195 925 236 *87-

91 309 249 357 sindus,
281 305 489 355 Pisandes,
522 309 736 360 Panyasis,
769 309 1046 345 Antimachus:
1077 311 1264 359 Iambe'ci,
1296 311 1484 348 Archilo-

89 366 207 411 chus,
243 365 485 411 Simonides,
512 367 737 412 Hipponax:
773 366 966 413 Eleyiaci,
997 368 1188 412 Calliuus,
1218 367 1484 413 Mimnermus,

91 421 284 467 Philetas,
325 422 608 458 Callimachus:
648 423 808 471 Lyrici,
856 423 1041 467 Alcman,
1083 424 1275 466 Alcaeus,
1315 424 1483 469 Sappho,

86 477 349 520 Stesichorus,
382 478 580 523 Pindarus,
611 478 881 525 Bacchylides,
912 479 1066 524 Ibycus,
1098 481 1318 525 Anacreon,
1350 481 1481 516 Simo-

87 533 219 569 nides:
255 534 426 581 T1·a9ici,
450 534 688 582 Aeschylus,
713 535 940 581 SophocleS,
962 534 1184 581 Euripides,
1214 538 1294 581 lon,
1320 537 1482 572 Achae-

85 600 154 625 us:
187 591 332 627 Comici
362 591 542 635 antiquae
566 591 818 638 Comoediae,
854 591 1130 636 Epicharmus,
1163 594 1363 637 Cratinus,
1395 594 1482 628 Eu-

88 646 203 692 polis,
235 647 532 693 Aristophanes,
564 647 832 692 Pherecrates,
865 647 998 683 Plato:
1028 650 1191 693 mediae,
1224 649 1485 695 Antiphanes,

87 705 125 737 et
154 703 315 738 Alexis:
346 703 721 748 novae,Menander‚
752 703 1015 751 Philippides,
1048 704 1240 750 Diphilus,
1272 704 1481 751 Philemon,

87 758 370 803 Apollodorus:
415 760 624 808 Historici,
655 760 894 808 Herodotus,
940 760 1211 806 Thucydides,
1255 760 1484 809 Xenophon,

86 815 380 864 Theopompus,
414 815 613 863 Ephorus,
647 816 858 861 Philistus,
890 817 1176 863 Anaximenes,
1208 816 1483 865 Callisthenes,

86 870 330 906 Clitarchus:
381 871 589 918 Oratores,
630 871 761 906 decem
793 872 940 914 Attici,
980 873 1203 918 Antiphon,
1247 872 1485 920 Andocides,

84 926 251 974 Lysias,
281 928 495 974 Isocrates,
526 928 687 971 Isaeus,
719 927 964 977 Aeschines,
997 930 1217 974 Lycurgus,
1250 929 1484 965 Demosthe-

85 992 176 1030 nes,
213 983 457 1030 Hyperides,
502 983 741 1019 Dinarchus:
791 984 1036 1032 Philosophi,
1085 985 1210 1031 Plato,
1251 982 1574 1032 Xenophon,146

126 1127 373 1159 Aristarchus
395 1129 504 1168 atque
527 1126 808 1168 Aristophanes,
832 1129 1027 1183 poetar-itm
1052 1129 1203 1167 indices,
1228 1129 1403 1160 neminem
1427 1130 1488 1159 sui

128 1174 302 1214 temporis
325 1175 362 1203 z‘n
395 1173 565 1203 ordinem
590 1172 822 1212 redemi-met.
868 1178 903 1204 et
928 1184 958 1213 p.
993 1174 1069 1204 895.
1097 1174 1159 1212 [X,
1195 1175 1222 1212 Ι,
1246 1174 1319 1210 59]
1345 1190 1388 1194 —
1413 1174 1486 1205 tri-

126 1217 192 1248 bus
214 1217 372 1257 receptis
382 1217 590 1249 Aristarchi
617 1218 746 1249 iudicio
771 1218 1022 1258 scriptoribus
1045 1218 1264 1249 lamborum.
1291 1218 1315 1257 l,
1334 1218 1365 1249 4.
1385 1227 1416 1256 p.
1431 1219 1487 1249 38.

128 1261 311 1301 [§.2seq.]
327 1262 527 1301 bipertitam
552 1262 879 1293 facitGi-ammatici
904 1265 1170 1302 professionem,
1196 1264 1294 1294 recte
1318 1264 1490 1303 loquendi

125 1308 315 1338 scientiam
340 1307 375 1337 et
408 1305 607 1347 poetarum
631 1308 924 1339 enarrationem:
964 1308 1088 1347 quibus
1117 1307 1260 1338 subiicit
1283 1307 1369 1339 duas
1401 1309 1490 1339 alias

128 1354 265 1393 partes,
304 1352 532 1383 emendatam
574 1352 779 1393 lectionem,
825 1352 860 1383 et
893 1352 1095 1384 iudicium.-
1145 1360 1216 1393 quo
1248 1352 1390 1393 quidem
1436 1353 1489 1384 ita

127 1404 249 1428 severe
281 1397 336 1428 usi
358 1398 453 1431 sunt.
471 1397 609 1437 (inquit)
634 1397 774 1428 veteres
800 1397 1060 1436 Gramnmtici,
1097 1398 1137 1428 ut
1162 1406 1237 1428 non
1260 1405 1389 1428 versus
1412 1406 1489 1428 mo-

129 1441 175 1472 do
205 1443 370 1473 censoria
395 1442 559 1482 quadam
593 1443 741 1481 viryula
767 1444 915 1483 notare,
949 1443 985 1473 et
1010 1442 1137 1483 libros,
1173 1444 1234 1483 qui
1265 1442 1362 1482 falso
1386 1442 1487 1474 vide-

128 1486 263 1518 rentur
286 1487 478 1528 inseripti,
505 1488 690 1528 tamquam
708 1487 918 1518 subdititia„-
937 1496 1158 1519 summouere
1180 1487 1328 1526 familia
1354 1489 1489 1528 permi-

128 1532 246 1563 serint
269 1531 354 1569 sibi,
378 1532 440 1563 sed
456 1534 625 1563 auctores
649 1533 741 1563 alios
764 1533 800 1562 in
819 1533 980 1563 ordinem
996 1533 1212 1571 redemerint,
1236 1532 1327 1563 alios
1345 1534 1487 1564 omnino

128 1576 330 1608 ememerint
345 1584 505 1609 numero.
526 1578 601 1607 Hoc
615 1578 695 1608 loco
717 1578 800 1608 item
817 1577 955 1607 dubium
976 1577 1149 1615 videatur,
1167 1581 1278 1608 utrum
1294 1579 1487 1613 auctorum

131 1623 271 1652 nomine
306 1620 557 1652 solospoetas
581 1622 855 1661 significaverit,
893 1631 935 1653 an
963 1630 1089 1659 prosae
1125 1624 1324 1661 scriptores
1349 1630 1486 1661 quoque

130 1666 336 1705 complexus
354 1668 413 1696 sit.
443 1667 519 1697 Hoc
537 1670 650 1697 tamen
683 1666 896 1706 probabilius
914 1667 1062 1697 videtur.
1090 1667 1238 1697 Procius
1263 1666 1400 1705 quiden.
1419 1668 1442 1696 l.
1463 1667 1487 1696 1.

132 1715 168 1743 et
187 1712 344 1742 Isaacius
356 1711 506 1742 'rzetzes
525 1713 559 1741 in
571 1711 839 1751 Prolegomenis
856 1711 898 1741 ad
923 1712 1210 1751 Lycophronem,
1236 1712 1334 1742 solos
1357 1711 1487 1742 Po'e'tas

129 1762 331 1788 recensent:
353 1757 412 1787 sed
432 1757 616 1795 utriusque
637 1757 703 1786 hoc
720 1761 797 1786 erat
821 1758 1049 1795 propositum.
1071 1756 1488 1786 ConstatGrannnaticos

128 1803 165 1832 in
181 1801 311 1831 scholis
329 1809 397 1831 non
418 1801 532 1831 solum
546 1800 674 1831 Po'e'tas
697 1801 758 1830 sed
780 1808 904 1839 prosae
925 1803 1124 1839 scriptores
1149 1808 1348 1831 enarrasse.
1376 1800 1488 1831 Calli-

130 1847 274 1877 machus
306 1846 502 1877 Democriti
531 1846 672 1884 scriptis
697 1847 854 1876 criticam
886 1847 1221 1885 grammaticamque
1254 1853 1395 1884 operam
1423 1847 1489 1876 tri-

130 1892 224 1922 buit:
258 1892 292 1920 et
315 1891 406 1921 alios
438 1891 656 1921 clarissimos
682 1897 836 1929 quosque
868 1892 1072 1921 recensuit:
1103 1890 1172 1920 vid.
1206 1890 1342 1920 lonsius
1366 1891 1486 1928 Scrip-

132 1941 197 1968 tor.
224 1936 359 1966 Histor.
385 1936 470 1966 Phil.
496 1936 542 1975 11,
564 1937 596 1966 5.
623 1935 811 1965 Diomedes
837 1935 895 1965 lib.
921 1935 960 1965 ΙΙ.
987 1944 1019 1974 p.
1044 1934 1123 1966 421.
1150 1935 1390 1965 Grammatico
1417 1943 1487 1966 non

129 1982 246 2013 solum
271 1980 404 2012 Poe'tas
434 1980 495 2010 sed
518 1984 553 2010 et
586 1980 824 2019 Scriptores,
861 1979 893 2008 id
919 1983 984 2016 est,
1022 1987 1083 2010 eos
1108 1981 1165 2018 qui
1190 1988 1298 2018 prosa
1322 1981 1487 2011 oratione

131 2027 364 2065 scripserunt,
389 2025 544 2062 subiicit,
569 2027 769 2061 auctorem,
794 2026 886 2062 puto,
912 2031 1062 2063 sequens
1088 2025 1296 2054 varronem.
1345 2024 1487 2055 Iudici-

131 2079 191 2102 um
224 2074 277 2101 est
311 2069 417 2113 κρίσις
449 2076 485 2100 et
517 2076 687 2107 censura3
725 2069 861 2107 qualem
905 2069 1134 2107 prodiderunt
1170 2071 1274 2099 etiam
1307 2071 1488 2108 praecipui

130 2116 310 2146 rhetores:
326 2119 362 2145 et
386 2118 528 2153 praeter
551 2113 838 2152 Quinctilianum,
866 2113 1059 2152 Dionysius
1084 2114 1376 2144 Halicarnasseus
1401 2113 1485 2153 Opp.

131 2160 232 2191 Rhet.
259 2168 290 2198 p.
329 2159 404 2189 122.
430 2166 500 2198 seq.
528 2163 562 2189 et
586 2160 827 2197 Hermogenes
853 2157 895 2188 de
919 2158 1058 2188 Formis
1092 2158 1188 2189 Orat.
1216 2159 1259 2195 ll,
1283 2160 1325 2188 5.
1342 2163 1486 2198 uterque

133 2209 288 2235 veterem
324 2204 638 2235 Grammaticorum
671 2205 705 2234 in
732 2202 906 2241 Poetis,
930 2203 991 2233 sed
1018 2205 1127 2242 magis
1164 2205 1198 2233 in
1235 2204 1486 2241 scriptori-

132 2249 232 2287 bus,
267 2257 408 2280 censum
441 2253 584 2280 secutus
616 2252 679 2279 est.
729 2248 998 2284 Aristophanem
1033 2250 1237 2287 Byzantium
1277 2248 1413 2287 quidem
1450 2250 1485 2279 in

132 2295 555 2338 Philosophorumletiam
582 2301 732 2324 censura
758 2300 799 2322 ac
825 2292 953 2322 iudicio
980 2296 1157 2322 versatum
1183 2300 1276 2333 esse,
1300 2292 1382 2323 inde
1407 2294 1485 2323 col-

133 2340 266 2379 ligitur,
292 2339 380 2379 quod
399 2340 577 2370 Platonem
597 2341 630 2369 in
652 2338 829 2376 Trilogias
854 2337 1042 2374 distribuit,
1069 2341 1159 2367 teste
1186 2337 1345 2377 Diogene
1372 2338 1486 2368 Laer-

133 2386 181 2415 tio
214 2384 275 2422 111,
309 2385 367 2415 61.
403 2387 438 2414 et
462 2384 551 2423 quod
580 2383 721 2422 Epicuri
753 2382 872 2411 stilum
905 2382 1141 2420 reprehendit,
1176 2381 1299 2413 eodem
1334 2386 1422 2413 teste
1448 2387 1486 2419 Χ,

133 2429 187 2460 13.
213 2427 363 2460 Credam
387 2430 513 2467 igitur,
558 2429 668 2458 fuisse
694 2426 832 2466 quidem
856 2428 1047 2465 antiquitus
1081 2428 1188 2458 talem
1215 2434 1384 2457 canonem
1410 2428 1486 2458 Au-

133 2477 271 2506 ctorum
315 2475 357 2505 ab
396 2474 631 2510 Aristophane
656 2473 829 2510 Byzantio
862 2475 896 2501 et
930 2473 1135 2502 Aristarcho
1173 2473 1383 2511 confectum,
1424 2473 1484 2503 sed

134 2519 292 2551 eumdem
316 2521 450 2550 sensim
480 2520 529 2548 ita
552 2523 693 2548 auctum
720 2520 755 2546 et
778 2520 943 2547 mutatum
969 2524 989 2546 a
1021 2518 1246 2556 sequentihus
1272 2517 1483 2548 Grammati-

134 2566 198 2601 cis,
231 2568 267 2595 ut
298 2565 377 2604 quid
412 2566 549 2594 illorum
582 2563 863 2598 duumvirorum,
899 2565 935 2592 ct
957 2562 1036 2598 quid
1070 2558 1237 2601 cuiusque
1269 2565 1484 2601 sequentium

135 2613 242 2647 esset,
268 2617 337 2640 non
362 2610 510 2648 amplius
535 2611 734 2647 appareret.
784 2606 988 2643 Caeterum,
1024 2608 1058 2637 in
1084 2607 1285 2637 Ruhnkenii
1309 2607 1426 2639 indice
1452 2616 1484 2645 p.

135 2653 203 2690 94„
229 2656 350 2684 neseio
376 2663 443 2694 quo
469 2661 566 2691 casu,
590 2653 706 2682 omissi
732 2654 812 2680 suut
839 2651 1056 2690 Philosophi:
1091 2659 1235 2691 quorum
1262 2656 1374 2683 tamen
1402 2654 1485 2683 rati-

137 2706 238 2728 onem
262 2699 458 2730 habuerunt
483 2699 677 2737 Dionysius
702 2696 1012 2733 Halicarnasseus,
1035 2696 1303 2733 Qui'nctilianus,
1336 2700 1372 2728 ct
1396 2698 1485 2727 Her-

135 2750 315 2782 mogenes
363 2744 463 2781 [Vid.
482 2743 585 2774 Ferd.
607 2741 736 2772 Rankii
761 2740 925 2780 disputat.
953 2742 989 2770 in
1023 2742 1147 2772 Rutilii
1172 2742 1259 2782 Lupi
1285 2742 1338 2772 ed.
1364 2743 1407 2773 ab
1432 2749 1485 2771 me

133 2791 256 2819 curata
281 2796 358 2828 pag.
393 2789 447 2819 66.
471 2796 543 2829 sqq.
569 2787 662 2822 Fit-‘l
