1816 3233
832 195 902 211 ¹-—
960 180 1041 222 192
1102 205 1155 212 -—

270 253 598 329 {gigsvegsgnaerbo
622 291 792 324 dicemus.
818 294 840 324 i.
865 302 898 326 e.
925 297 1066 334 paucis,
1090 295 1270 336 breviter,
1300 296 1399 328 brevi
1426 295 1485 337 (cf.
1513 297 1555 329 ad
1579 297 1711 329 Min-et.

450 341 530 370 Vol.
556 338 581 370 1.
608 346 688 378 pag.
713 337 808 377 411.)
856 339 1107 372 Verumtamen
1134 349 1212 372 num
1239 341 1316 381 quis
1340 344 1501 374 veterum
1534 343 1588 374 sic
1611 342 1712 374 dixe-

447 386 501 421 rit,
528 391 597 414 non
624 383 735 414 habeo
760 383 892 415 dicere.
940 384 1042 415 Aliud
1069 388 1125 416 est
1149 387 1241 416 enim
1266 386 1355 426 quod
1380 387 1471 425 apud
1503 386 1576 419 Cic.
1600 387 1647 418 ΙΙ.
1671 389 1710 418 in

448 428 552 460 Catil.
578 428 612 469 6,
638 428 691 458 12.
717 437 768 468 sq.
795 428 944 469 legitur:
973 428 1076 466 Quod
1104 438 1167 471 eqo
1192 430 1224 460 si
1247 429 1356 461 verbo
1389 432 1532 471 assequi
1553 439 1708 474 possem,

445 473 534 503 istos
551 472 650 511 ipsos
672 472 852 515 elicerem,
877 474 939 514 qui
962 473 1050 505 haec
1075 474 1283 515 loquuntur.
1298 492 1340 497 —
1356 475 1426 506 Hic
1447 484 1510 516 eyo
1527 477 1710 509 vehemens

446 517 508 548 ille
532 517 678 559 consul,
710 518 773 558 qui
795 517 904 549 verbo
929 519 1024 550 cii-es
1047 519 1088 550 in
1111 520 1280 551 exsilium
1303 520 1431 563 eiicio,
1463 521 1636 562 quaesivi.
1661 540 1706 546 —

447 558 682 594 Celerum'cf.
710 563 840 595 Krebs.
865 565 887 594 1.
914 564 935 595 Ι.
961 573 1041 604 pag.
1065 564 1145 596 803.

373 624 409 630 -
425 607 458 640 ¹7.
480 607 749 648 plerorumque.
800 608 907 639 lmmo
929 609 1198 653 plurimorum,
1232 613 1316 651 quia
1339 611 1519 652 genitivus
1542 612 1614 644 iste
1636 619 1707 644 nou

445 657 503 684 est
528 654 695 689 usitatus,
720 655 756 684 ut
778 661 888 693 supra
912 654 1072 686 diximus.

305 714 318 721 -
332 713 340 721 -
368 698 479 729 —12.
504 698 687 728 auctionis
710 698 891 739 cataloqo.
940 700 1131 731 Dicendum
1159 702 1223 733 fuit
1242 700 1363 732 indice
1380 700 1561 732 librorum
1583 700 1708 732 aucti-

446 751 511 774 one
536 743 782 783 (constituta)
807 744 1076 775 vendendorum
1108 747 1166 777 vel
1192 748 1298 777 eiiam
1323 746 1443 777 indice
1466 745 1645 777 librorum
1669 745 1708 776 in

445 788 615 819 auctione
638 788 906 819 vendendorum
929 790 990 829 (cf.
1016 791 1102 821 Piin.
1131 793 1170 821 li.
1195 791 1235 821 N.
1262 791 1403 830 XXIX,
1428 791 1467 829 4,
1492 791 1563 833 30.)
1603 793 1709 823 Eius-

445 835 540 865 modi
564 834 720 864 libellum
745 835 864 865 itidem
892 843 1020 867 vocare
1045 836 1129 867 licet
1152 835 1307 867 indicem
1331 835 1530 878 librorum,
1554 844 1709 877 quorum

444 878 661 918 proscripta
697 878 937 920 (proposita)
976 881 1028 911 est
1064 881 1199 912 auctio.
1256 881 1458 922 (Proprium
1493 883 1530 912 in
1569 883 1634 913 hac
1666 889 1708 913 re

447 924 595 955 verbum
627 933 707 955 esse
734 924 967 962 proscribere
1007 926 1123 958 docuit
1151 928 1311 958 Brisson.
1344 928 1386 958 de
1417 927 1597 958 Formulis
1628 935 1707 967 pag.

446 969 524 1000 485.
544 967 634 1010 sqq.)
679 969 847 1001 Celerum
875 979 936 1009 pro
962 971 1130 1001 auctione
1154 980 1246 1002 nunc
1273 973 1377 1013 vulgo
1401 970 1708 1003 subhastationem

445 1016 577 1055 dicunt,
602 1014 693 1053 quod
717 1022 829 1055 aeque
854 1024 895 1046 ue
918 1014 1157 1047 subhastandi
1183 1017 1330 1048 verbum
1355 1017 1532 1047 vitandum
1557 1020 1625 1048 est.
1675 1024 1680 1026 “

373 1083 408 1091 ——
427 1068 479 1101 17.
506 1068 657 1099 similem
682 1077 761 1099 eam
785 1068 940 1110 Lonyini
970 1071 1084 1102 multo
1107 1070 1175 1102 sibi
1198 1080 1265 1102 usu
1291 1071 1485 1113 coynitam.
1536 1073 1707 1105 Scribere

446 1115 593 1145 debebat
618 1114 763 1153 coyniti.
813 1114 920 1146 Certe
946 1117 1038 1147 nullo
1065 1118 1167 1147 modo
1193 1117 1335 1149 defendi
1368 1121 1486 1156 potest
1510 1117 1707 1160 cognitam,

445 1160 545 1190 cuius
571 1160 713 1190 tutelam
740 1161 875 1192 frustra
900 1163 1055 1202 suscepit
1080 1162 1311 1203 Bergmauus.

306 1231 343 1239 -
373 1213 481 1246 -19.
506 1213 571 1245 sub
603 1214 758 1256 Lotiyitzi
787 1215 938 1247 nomine.
986 1216 1095 1249 Immo
1125 1218 1172 1248 in.
1221 1219 1302 1251 vid.
1333 1218 1376 1249 ad
1409 1219 1540 1252 Muret.
1570 1219 1651 1252 voi.
1678 1219 1705 1251 Ι.

304 1968 339 1976 ..-

448 1269 526 1300 pag.
552 1260 634 1291 244.

372 1323 408 1329 -
424 1306 481 1338 21.
506 1305 647 1335 uultum
668 1313 783 1345 porro
808 1304 956 1336 dubiam
978 1306 1274 1351 relinquebatur,
1298 1308 1393 1349 quin.
1442 1309 1568 1350 Immo,
1601 1309 1707 1340 millu

446 1351 522 1381 iam
546 1349 725 1382 dubitatio
749 1350 1023 1392 relinquebatur
1047 1353 1148 1396 quin,
1174 1353 1235 1394 (cs.
1261 1353 1337 1385 Cic.
1362 1355 1405 1386 de
1419 1353 1485 1385 Off.
1511 1355 1556 1396 li,
1579 1357 1612 1395 5,
1635 1354 1705 1393 17.)

441 1396 612 1427 uoniam
635 1397 717 1427 erat
747 1395 894 1428 dubium
924 1397 1031 1438 quin,
1063 1406 1135 1428 non
1164 1399 1239 1430 iam
1272 1398 1436 1430 dubitari
1465 1408 1570 1438 posse
1600 1399 1704 1431 vide-

445 1441 554 1472 batur
584 1441 679 1482 quin.
729 1443 827 1479 Quod
853 1443 972 1481 wytt.
997 1446 1140 1483 scripsit
1169 1450 1223 1475 est
1251 1453 1339 1475 sane
1370 1452 1471 1484 quam
1505 1445 1705 1476 barbarum.

445 1488 500 1519 Cf.
519 1487 665 1518 Weberi
687 1486 969 1527 Uebunyssehule
994 1494 1057 1519 ele.
1086 1498 1165 1529 pag.
1182 1489 1259 1520 199.
1285 1490 1413 1521 Krebs.
1437 1489 1503 1521 1.1.
1530 1497 1611 1530 pag.
1626 1489 1705 1521 305.

370 1544 478 1575 -22,
500 1543 658 1582 perdito.
705 1542 816 1573 Immo
840 1542 1040 1582 deperdito.
1088 1544 1201 1576 W'olf.
1235 1546 1397 1577 Analect.
1431 1545 1489 1576 lv.
1521 1552 1602 1584 pag.
1625 1545 1705 1576 517.

440 1588 670 1631 „Deperdito
694 1588 852 1619 dedimus
878 1597 942 1628 pro
964 1588 1127 1631 perdito,
1153 1592 1252 1622 cuius
1271 1592 1370 1622 vocis
1388 1590 1602 1622 domicilium
1626 1590 1708 1622 fini-

443 1637 564 1665 timum
591 1634 728 1674 quidem
753 1638 820 1672 est,
846 1633 908 1664 sed
936 1638 1050 1664 tamen
1077 1635 1269 1667 diversum.
1318 1637 1404 1667 Nam
1427 1635 1596 1674 perditae
1618 1645 1650 1668 v.
1673 1644 1707 1668 c.

441 1679 547 1710 navis
572 1686 764 1718 superesse
789 1681 937 1719 possunt
962 1680 1132 1719 reliquiae
1158 1681 1348 1719 quaedam,
1386 1682 1548 1721 quamvis
1578 1688 1705 1713 corru-

441 1729 546 1766 ptae3
570 1724 781 1763 deperditae
803 1725 889 1755 nibil
913 1728 973 1755 aut
994 1732 1111 1764 prope
1130 1725 1219 1756 nihil
1243 1728 1414 1766 reliquum
1435 1731 1502 1758 est.
1541 1727 1704 1757 Pluribus

441 1772 474 1800 in
502 1770 622 1800 verbis
646 1769 690 1799 de
712 1770 1005 1809 significationem
1032 1775 1135 1808 auget
1160 1774 1227 1811 ita,
1252 1776 1289 1804 ut
1314 1780 1388 1803 rem
1416 1772 1614 1803 confectam
1641 1771 1706 1803 de-

442 1816 570 1852 signet.
617 1814 716 1844 Unde
743 1818 841 1845 recte
865 1813 959 1844 lctus
993 1817 1025 1844 in
1051 1814 1086 1845 ff.
1111 1817 1199 1854 apud
1226 1817 1427 1847 Gesnerum
1454 1818 1486 1847 li.
1512 1825 1545 1849 v,
1572 1816 1706 1856 cleper-

444 1859 561 1890 ‹litum
593 1858 761 1897 explicat:
793 1859 886 1898 quod
913 1861 947 1889 in
974 1867 1094 1890 rerum
1120 1864 1242 1892 natura
1268 1869 1348 1892 esse
1374 1860 1518 1893 desiit.⁴‘
1567 1861 1618 1893 Cf.
1645 1865 1702 1893 ta-

446 1913 525 1936 men
552 1904 681 1934 Krebs.
708 1904 727 1934 1.
755 1903 777 1933 l.
802 1912 880 1944 pag.
906 1903 987 1934 281.

370 1967 406 1974 —
423 1949 479 1981 23.
509 1949 553 1979 [ft
575 1948 683 1991 vidit,
708 1948 761 1978 ita
789 1966 828 1972 —
852 1948 991 1978 volavit
1020 1952 1054 1980 et
1079 1957 1160 1980 mox
1190 1949 1230 1980 ut
1254 1949 1375 1980 audiit
1401 1967 1439 1973 —
1466 1950 1521 1981 ita
1547 1967 1588 1973 —-
1610 1957 1704 1990 pro-

445 1994 551 2025 bavit.
601 1995 680 2024 Vid.
706 2002 813 2032 supra
839 1994 881 2024 ad
909 1993 986 2024 115.
1016 1995 1067 2024 18.

285 2042 404 2075 128.-
422 2041 454 2071 3.
479 2038 706 2070 inventionis.
745 2038 834 2077 Quid
858 2038 1017 2069 itu-eutio
1041 2039 1183 2072 differat
1207 2041 1249 2073 ab
1268 2040 1425 2082 invento,
1451 2040 1556 2072 docet
1575 2040 1705 2072 Krebs.

443 2086 465 2116 1.
492 2086 515 2116 1.
541 2093 617 2124 pag.
643 2082 723 2115 442.

286 2133 409 2166 129.-
427 2131 459 2162 6.
484 2130 534 2161 ad
559 2129 705 2159 calcem.
757 2128 811 2159 Cf.
833 2129 875 2159 ad
902 2137 980 2168 pag.
998 2129 1100 2159 huius
1115 2130 1169 2161 ed.
1196 2130 1229 2168 2,
1255 2133 1290 2162 5.
1338 2131 1406 2161 Pro
1431 2130 1604 2161 auctario
1627 2130 1706 2163 for-

444 2181 540 2209 tasse
564 2175 689 2206 melius
714 2176 793 2206 erat
813 2174 1051 2212 appendicem.
1076 2175 1131 2205 vel
1156 2175 1410 2207 additamenta
1435 2176 1566 2208 dicere.

303 2249 348 2257 —-
377 2248 413 2256 —·
431 2232 483 2264 11.
511 2231 613 2261 cuius
637 2229 867 2269 compilator.
916 2230 1132 2261 Vocabulum
1163 2232 1230 2263 hoc
1254 2234 1412 2263 incertae
1436 2231 1518 2262 fidei
1543 2239 1625 2262 esse
1648 2233 1705 2262 vi·

443 2278 545 2308 detur
569 2278 614 2316 ei,
641 2278 694 2317 qui
719 2276 818 2315 plura
842 2277 1110 2307 recentissimae
1126 2277 1329 2309 Latinitatis
1353 2276 1515 2315 exempla
1538 2278 1707 2308 censoria

444 2325 584 2354 notavit
609 2322 751 2360 virgula
776 2322 810 2351 in
837 2320 957 2351 Woifii
985 2321 1084 2351 Anal.
1110 2321 1161 2360 ll,-
1187 2321 1265 2353 489.
1314 2323 1381 2353 sed
1407 2329 1624 2360 apponamus
1650 2321 1705 2353 lo-

445 2376 522 2399 cum
549 2367 673 2398 isidori
698 2367 757 2397 lib.
784 2366 828 2396 X.
855 2375 886 2403 p.
917 2365 1010 2396 1071.
1037 2365 1184 2397 Godofr.
1209 2375 1238 2397 s.
1264 2375 1295 2398 v.
1329 2388 1356 2408 9,
1369 2364 1614 2406 Compilator‚
1645 2367 1706 2406 qui

444 2413 560 2444 aliena
587 2413 681 2443 dicta
704 2413 776 2443 suis
802 2413 1011 2450 permiscet,
1049 2412 1140 2442 sicut
1163 2413 1284 2443 solent
1308 2413 1537 2451 pigmentarii
1568 2413 1602 2443 in
1635 2411 1705 2450 pila

444 2460 589 2488 diversa
614 2459 724 2488 mixta
748 2456 975 2487 contundere.
1015 2456 1091 2487 Hoc
1111 2457 1250 2488 scelere
1274 2456 1446 2497 quondam
1471 2456 1706 2487 accusabatur

448 2504 658 2534 Mantuanus
693 2502 753 2532 ille
784 2506 901 2540 vateS‚
940 2509 1041 2541 quum
1067 2501 1234 2541 quosdam
1264 2510 1387 2533 versus
1411 2502 1559 2532 Homeri
1584 2504 1704 2533 trans-

447 2549 569 2580 ferens
601 2549 676 2578 suis
713 2547 934 2587 permiscuit.
992 2547 1037 2576 Et
1076 2555 1177 2585 quum
1211 2546 1430 2586 compilator
1457 2546 1619 2576 veterum
1659 2546 1703 2578 ab

445 2593 595 2625 aemulis
628 2593 827 2631 diceretur,
861 2591 924 2622 ille
963 2591 1168 2631 respondit,
1203 2599 1411 2632 magnarum
1443 2597 1524 2622 esse
1564 2591 1702 2631 virium,

445 2639 578 2670 clavam
615 2638 757 2668 Herculi
792 2639 1011 2676 extorquere
1042 2635 1086 2666 de
1118 2636 1264 2668 manu.“
1296 2653 1340 2658 —-
1378 2634 1464 2674 Quid
1498 2637 1608 2676 igitur
1636 2639 1702 2675 est,

445 2684 537 2723 quod
556 2682 831 2721 compilatorem
855 2681 925 2714 dici
948 2689 1054 2721 posse
1079 2681 1135 2712 vel
1159 2682 1284 2713 dictum
1310 2690 1392 2713 esse
1416 2688 1600 2722 negenmS‚
1624 2689 1704 2713 cum

446 2730 659 2769 praesertim
684 2728 905 2768 compilare,
931 2725 1170 2770 compilatus,
1195 2726 1406 2768 compilatio
1431 2726 1524 2768 apud
1549 2728 1703 2768 optimos

447 2779 606 2817 quosque
629 2768 819 2816 legantur?
856 2771 1140 2805 LlNDEMANN.
