1833 3237
619 189 951 229 -85-..

85 304 139 342 sit
177 305 280 342 lectu
318 314 368 340 an
409 304 648 340 fructuosior
684 303 860 350 exemplo
902 305 941 339 et
970 300 1233 352 institutione,
1279 299 1378 337 illud
1418 309 1490 335 non

90 362 310 398 dubitemus
355 361 573 408 affirmare,
621 370 714 396 vere
749 359 950 396 aureolum
985 369 1074 395 esse
1106 359 1300 404 libellum,
1348 357 1386 392 in
1417 365 1492 401 quo

86 418 286 454 formando
316 420 355 453 et
382 418 527 454 Musae
568 426 700 453 omnes
731 419 771 452 et
801 416 960 452 Gratiae
990 415 1240 461 conspirasse
1271 414 1491 450 videantur.

201 496 348 533 Eodem
378 505 478 531 anno
504 494 625 530 edidit
653 494 844 531 Rutilium
875 494 1025 539 Lupum
1059 493 1106 528 de
1130 492 1291 541 Figuris
1321 493 1492 528 Senten-

88 551 250 601 tiarum,
299 562 385 588 cum
424 551 592 597 Aquilae
631 551 796 587 Romani
837 552 875 585 et
913 549 987 586 Iuli
1029 549 1229 586 Rufiniani
1270 549 1318 584 de
1359 547 1491 584 eodem

89 611 320 656 argumento
349 607 507 644 libellis.
536 607 677 644 Rutilii
708 606 950 653 opusculum,
982 615 1033 642 ex
1064 616 1179 652 opere
1210 606 1360 641 Graeco
1391 612 1494 639 nunc

89 664 239 711 perdito
270 663 461 711 Gorgiae,
493 662 579 699 eius
607 673 718 709 quem
749 663 816 700 Μ.
850 662 986 699 Cicero
1016 662 1120 697 filius
1151 661 1378 709 magistrum
1410 659 1500 695 elo-

89 720 272 767 quentiae
303 719 457 768 habuit,
492 716 533 767 *J
566 720 707 756 Latine
745 729 900 755 versum
940 720 1025 754 fere
1065 718 1340 766 negligebatur
1370 715 1498 751 adhuc

88 777 136 813 ab
167 776 388 813 hominibus
418 776 560 828 doctis,
590 776 768 821 quamvis
789 776 985 811 laudatum
1015 775 1112 810 illud
1144 773 1310 810 subinde
1330 783 1352 808 a
1371 771 1497 814 Quin-

87 832 264 880 ctiliano,
295 843 342 869 ae
371 832 606 878 probandum
637 835 676 867 et
714 831 899 868 orationis
929 831 1098 867 bonitate
1129 833 1169 866 et
1207 831 1497 876 praeceptorum

88 888 310 940 diligentia,
338 891 418 924 tum
449 897 543 923 vero
573 887 706 935 magni
732 887 1014 923 aestimandum
1044 887 1265 932 frequentia
1295 884 1497 929 exemplo-

87 955 172 981 rum
197 944 338 982 Latine
367 943 603 980 redditorum
631 954 653 979 e
679 943 844 980 Graecis
876 943 1119 991 Oratoribus,
1152 952 1225 978 non
1256 942 1382 976 solum
1412 941 1495 975 De-

87 1000 304 1048 mosthene,
333 1000 471 1048 Lysia,
502 1000 711 1046 Hyperide,
743 1000 951 1048 Dinarcho,
983 1000 1187 1047 Lycurgo,
1218 1007 1313 1044 quos
1342 999 1497 1033 veteres

90 1056 341 1094 Grammatici
380 1057 420 1092 in
462 1055 594 1091 decem
634 1054 814 1092 classicis
853 1061 1088 1092 censuerunt
1127 1054 1380 1104 Oratoribus,
1428 1051 1498 1088 sed

88 1123 183 1149 vero
215 1112 331 1148 etiam
362 1123 412 1148 ex
440 1112 629 1160 Hegesia,
661 1112 856 1148 Demetrio
887 1112 1088 1158 Phalereo,
1126 1110 1319 1158 Charisio,
1350 1111 1496 1146 nemo-

88 1170 228 1217 chare,
279 1168 447 1213 aliisque
486 1178 536 1204 ex
576 1168 644 1204 illo
689 1168 942 1204 classicorum
986 1178 1106 1204 censu
1149 1167 1339 1203 exclusis.
1403 1162 1497 1202 Ali-

88 1227 231 1272 quanto
261 1224 421 1260 minoris
443 1227 534 1259 sunt
562 1225 743 1260 momenti
773 1224 916 1270 Aquila
943 1225 1158 1269 Romanus,
1189 1223 1319 1258 rhetor
1349 1232 1371 1256 e
1401 1230 1494 1255 sae-
1512 1215 1591 1251 143

88 1281 176 1318 culo
206 1280 378 1316 secundo
409 1282 581 1316 extremo
611 1283 679 1315 aut
709 1281 844 1329 tertio,
890 1280 955 1325 qui
987 1291 1036 1315 ex
1066 1279 1284 1316 Alexandri
1314 1275 1497 1314 Numenii

88 1337 299 1383 superstite
348 1347 450 1373 nunc
499 1336 631 1372 libello
676 1336 830 1372 nomina
874 1347 921 1372 ae
968 1335 1214 1372 definitiones
1262 1335 1495 1382 Figurarum

88 1393 247 1441 sumsit,
287 1392 500 1439 suppositis
530 1392 569 1428 in
601 1393 862 1439 exemplorum
898 1394 1136 1429 Graecorum
1168 1392 1293 1427 locum
1324 1389 1497 1426 Latinis:

90 1453 130 1486 et
167 1450 291 1486 lulius
329 1449 561 1486 Rufinianus
593 1460 614 1485 e
654 1449 897 1486 Constantini
937 1459 1057 1495 aevo,
1098 1447 1162 1494 qui
1202 1447 1382 1493 exempla
1424 1455 1496 1481 non

90 1508 174 1542 fere
205 1506 323 1541 habet
352 1505 429 1540 nisi
460 1505 717 1542 Ciceroniana
746 1509 785 1541 et
819 1506 1064 1553 Virgiliana:
1110 1515 1206 1550 quos
1237 1501 1498 1540 Ruhnkenius

88 1565 129 1598 et
166 1564 323 1608 propter
362 1562 582 1609 argumenti
622 1561 936 1608 similitudinem,
990 1565 1029 1597 et
1068 1562 1235 1607 priorum
1287 1558 1499 1595 editionum

89 1618 377 1666 auctoritatem,
408 1617 679 1665 adiungendus
704 1618 852 1654 Rutilio
884 1619 1083 1653 censebat.
1117 1619 1224 1664 Ergo
1255 1615 1355 1650 hanc
1386 1615 1500 1650 Rhe-

90 1678 213 1711 torum
255 1673 463 1710 editionem
503 1673 559 1709 ita
597 1674 767 1719 ornavit,
812 1677 855 1709 ut
888 1673 1017 1720 quivis
1057 1683 1157 1708 unus
1199 1672 1331 1707 harum
1371 1680 1498 1706 rerum

89 1731 240 1778 peritus
270 1730 524 1777 intelligeret,
557 1730 744 1765 neminem
771 1729 846 1765 nisi
877 1741 899 1764 a
922 1731 1156 1766 Graecarum
1189 1727 1354 1763 scientia
1387 1726 1500 1762 Lite-

90 1797 218 1822 rarum
263 1788 498 1832 profectum,
547 1785 688 1822 nedum
728 1786 826 1821 istos
869 1785 1004 1820 harum
1044 1785 1225 1832 ignaros,
1272 1782 1499 1819 Ruhnkenii

90 1844 396 1888 obtrectatores,
426 1843 496 1877 aut·
522 1841 648 1877 simile
678 1841 885 1888 quidquam
915 1837 1106 1887 proferre,
1136 1845 1203 1876 aut
1233 1839 1386 1876 omnino
1417 1839 1500 1874 La-

91 1898 258 1935 tinarum
297 1898 516 1935 Literarum
552 1898 701 1934 muneri
750 1897 1060 1943 professionique
1101 1897 1335 1932 satisfacere
1375 1905 1501 1941 posse.

91 1954 311 2002 Principio,
357 1954 493 1990 horum
525 1953 573 1989 de
604 1954 815 1989 Rhetorum
847 1954 964 1988 rebus
995 1963 1040 1987 ac
1069 1952 1240 1998 scriptis,
1272 1953 1386 1986 antea
1417 1952 1500 1986 fere

90 2011 298 2060 ignoratiS‚
338 2010 377 2045 in
407 2009 653 2055 praefatione
683 2009 793 2044 docte
824 2009 1096 2054 exquisiteque
1126 2008 1343 2054 exponitur.
1373 2007 1500 2043 Dein-

92 2068 140 2103 de
169 2067 246 2113 ipsi
275 2066 363 2102 libri
402 2065 457 2101 ita
487 2068 727 2111 tractantur,
765 2067 803 2101 ut
834 2065 909 2100 loci
940 2068 978 2101 et
1009 2065 1179 2111 corrupti
1218 2066 1333 2100 acute
1364 2073 1500 2098 emen-

93 2124 256 2170 dentur,
297 2125 335 2158 et
364 2121 520 2158 obscuri
551 2121 663 2157 docte
702 2122 961 2167 illustrentur,
1003 2124 1041 2157 et
1070 2121 1278 2157 manifesto
1317 2122 1503 2165 appareat

93 2177 369 2217 Ruhnkenium
400 2178 441 2214 in
470 2177 621 2214 Latinis
650 2178 740 2213 item
771 2177 916 2213 Literis
947 2178 1101 2224 eadem,
1141 2187 1216 2222 qua
1245 2176 1283 2211 in
1325 2174 1500 2220 Graecis,

95 2236 229 2271 valere
259 2234 398 2270 critica
428 2244 514 2270 cum
545 2234 731 2270 facultate
761 2237 839 2269 tum
871 2234 1070 2278 doctrina,
1110 2232 1254 2268 nullum
1282 2241 1356 2267 non
1387 2234 1503 2267 vete-

95 2302 177 2328 rem
217 2291 455 2337 scriptorem
485 2289 689 2337 Latinum,
734 2290 878 2325 nullum
912 2299 984 2324 non
1028 2289 1282 2324 recentiorem
1314 2287 1502 2324 Criticum

93 2353 132 2384 et
161 2347 459 2384 Grammaticum
491 2348 539 2383 ab
575 2357 619 2382 eo
649 2347 805 2393 lectum,
829 2348 1117 2394 pertractatum,
1147 2346 1374 2390 excerptum
1393 2354 1493 2381 esse.

92 2403 292 2451 Denique,
334 2413 449 2449 quum
480 2402 704 2448 interpretis
744 2406 782 2437 et
821 2401 980 2438 editoris
1018 2404 1148 2447 partes
1188 2400 1502 2447 provinciamque

93 2461 150 2496 ita
179 2459 444 2506 explevisset,
488 2463 530 2495 ut
559 2458 778 2495 accessioni
819 2458 950 2494 nullus
978 2458 1140 2494 relictus
1179 2467 1268 2493 esse
1297 2456 1407 2492 locus
1436 2456 1500 2492 vi-
1522 2453 1600 2492 144

93 2517 271 2564 deretur,
317 2515 532 2552 cumulavit
571 2516 684 2552 etiam
716 2525 854 2550 munus
898 2515 1099 2560 praeclara
1137 2514 1206 2549 illa
1236 2517 1275 2548 et
1303 2512 1499 2560 singulari

92 2572 271 2609 Historia
310 2573 458 2610 Crteica
515 2571 729 2608 Graiorum
767 2572 1025 2609 Graecorum.
1086 2570 1208 2607 Cuius
1246 2569 1343 2616 quod
1385 2570 1503 2605 fuerit

96 2740 126 2777 ⁸)
151 2736 203 2814 (iis.
251 2737 452 2818 lgulnilxgnii
483 2739 657 2778 praefatio
683 2737 725 2769 ad
759 2737 929 2768 Rutilium
964 2737 1097 2775 Lupum
1125 2744 1215 2776 pag..
1234 2735 1278 2767 X.
1304 2739 1401 2776 (pag.
1428 2735 1501 2765 Xll.

143 2791 163 2814 e
190 2804 197 2813 .
225 2791 268 2813 ιιι.
402 2803 408 2811 .
