1816 3233
830 91 1143 135 ..230-

299 206 571 259 χαλκογραφεῖον
594 204 675 237 200.

301 250 539 295 χαλκογράφος
563 250 640 281 199.

282 297 422 328 Graeca
445 295 614 328 cathedra
641 293 718 324 185.
742 292 823 324 208.

283 341 463 373 Grandior
478 343 578 371 aetas
591 337 670 369 191.
687 340 861 379 grandior
874 340 962 383 natu²

326 385 413 416 ibid.

285 431 464 469 Graphice
486 426 568 458 202.

284 475 447 507 Gratiae:
473 471 546 502 vid.
573 471 708 502 Musae.

284 520 427 552 Gratias
473 515 657 556 (gratiam)
706 516 836 548 babere
881 516 957 547 199.

328 563 405 593 205.
432 562 572 594 referre
594 560 682 592 ibid.
707 568 816 601 agere
839 560 927 592 ibid.

282 609 401 640 Gratis
415 609 550 644 venire,
570 609 680 644 stare,
695 610 863 638 constare
881 606 956 638 180.

282 654 404 685 Grave
437 660 498 683 aes
534 650 733 682 Romanor.
773 652 958 692 antiquor.

324 697 402 729 180.
429 697 534 738 gravi
556 694 710 737 (grandi)
729 704 814 728 aere
839 705 958 728 emere

327 741 417 773 ibid.

282 788 438 820 Gravior
461 788 580 818 aetate
606 785 718 826 (natu)
745 785 820 818 191.

283 833 524 865 Gubernatrix
552 831 627 862 186.
652 828 730 862 203.

285 879 433 909 Gustus:
457 876 531 907 vid.
556 876 638 907 Pro.

281 924 422 954 Habere
445 921 539 961 aliqd
572 921 735 961 religioni
760 920 840 951 207.
873 929 957 959 gra-

332 969 402 998 tias
433 964 616 1006 (gratiam)
655 966 731 997 199.
755 965 834 997 205.
881 965 956 997 Vz'd.

330 1011 442 1050 Opus.

284 1057 384 1087 Haud
408 1056 451 1086 ab
476 1063 516 1086 re
531 1054 605 1085 182.
634 1055 666 1084 Ιι.
684 1054 836 1085 alienum
860 1063 882 1085 a
907 1063 957 1094 re,

327 1101 370 1131 ab
395 1101 462 1130 hoc
485 1099 588 1136 loco,
617 1106 638 1129 a
664 1101 846 1138 proposito
871 1098 956 1131 ibid.

280 1146 426 1176 Heluari
452 1145 552 1175 libris
579 1144 655 1174 180.

282 1189 484 1222 Herculeus
508 1188 532 1218 i.
558 1197 587 1219 e.
612 1190 787 1220 maximus
813 1189 890 1220 181.

281 1233 488 1266 Hereditas:
513 1233 587 1264 vid.
613 1234 843 1266 Luculentus.

282 1278 544 1311 Herodotus
574 1278 645 1308 179.

279 1325 438 1355 Heroica
462 1325 607 1362 ingenia
630 1321 707 1353 194.

279 1369 483 1399 Historicus
507 1366 585 1398 187.

279 1414 411 1452 Hodie,
451 1412 641 1454 hodieque,
678 1411 784 1444 hodie
818 1420 958 1453 quoque

280 1501 482 1533 Hodiernus
508 1501 584 1532 193.
608 1507 660 1541 sq.
686 1500 764 1531 hod.
789 1501 864 1532 dies
880 1501 955 1532 194.

324 1547 483 1578 hodierni
508 1546 608 1585 libri,
641 1553 761 1577 mores
791 1546 825 1577 et
848 1546 956 1577 simil.

279 1636 455 1667 Homiline
480 1634 556 1666 190.

281 1682 469 1712 Hominem
496 1680 533 1718 (i.
560 1688 587 1711 e.
596 1676 763 1712 hominis
789 1660 953 1722 sormam)

323 1734 456 1758 exuere
479 1726 558 1756 205.

277 1771 460 1803 nonestus
487 1770 564 1801 179.

278 1817 519 1847 Honorarium
543 1813 624 1845 205.

276 1861 496 1892 Horatius
521 1861 554 1890 in
581 1859 693 1897 Epist.
719 1858 793 1889 197.
820 1860 855 1890 iu
879 1860 950 1891 Sat.

279 1950 424 1981 Hortari
449 1956 521 1988 seq.
546 1945 719 1988 Infinitiv.
747 1949 822 1979 189.
850 1948 927 1980 203.

276 1995 465 2034 Hucusque
490 1992 570 2024 201.

277 2039 512 2070 Humaniores
536 2038 664 2069 literae
688 2036 768 2068 207.

273 2084 404 2115 lactari
429 2084 602 2120 fluctibus,
629 2085 662 2113 in
687 2083 848 2115 fluctibus
871 2082 950 2114 208.

271 2128 369 2160 lam:
394 2128 467 2159 vid.
494 2130 522 2158 A
547 2128 581 2158 et
604 2127 700 2158 Inde.

274 2174 480 2212 Ignivomus
507 2173 608 2203 tubus
633 2172 711 2203 207.

272 2219 337 2249 Ille
362 2218 385 2248 i.
411 2226 438 2248 e.
464 2218 665 2249 celebratus
699 2218 774 2257 ille,
811 2218 952 2259 nobilis,

319 2263 530 2302 praeclarus
557 2263 632 2293 195.
658 2262 738 2293 202.

274 2306 324 2338 Im
331 2308 518 2339 mundities
527 2315 600 2347 pro
612 2307 850 2346 immunditiis,
867 2316 948 2340 sor-

319 2351 421 2382 dibus
448 2353 522 2383 191.

271 2395 534 2436 Imperfectum
547 2404 618 2435 pro
632 2396 759 2428 Praes.
777 2396 854 2428 191.
869 2397 946 2430 196.

272 2441 460 2480 Imponere
485 2443 613 2473 vulnus
635 2441 716 2474 201.

272 2485 450 2525 Impostor
475 2485 551 2518 191.

269 2529 309 2561 ln
331 2538 402 2569 pro
426 2532 517 2571 apud
544 2530 620 2562 174.
645 2531 723 2562 202.
748 2532 783 2562 in
807 2532 947 2564 Mureto

315 2578 464 2607 navavit
495 2583 643 2615 operam
678 2576 759 2608 200.
797 2578 832 2607 in
864 2580 945 2608 aui-

314 2628 407 2651 mum
446 2621 615 2652 inducere
657 2621 735 2652 195.
790 2622 825 2652 iu
865 2630 946 2653 eum

315 2663 422 2698 finem
445 2664 525 2697 1⁰0.
560 2667 597 2698 in
629 2665 827 2706 exemplum
860 2674 947 2707 pro-

1072 209 1206 243 ponere
1237 203 1390 244 aliquem
1413 201 1492 234 173.
1524 204 1562 235 in
1586 203 1703 235 lucem

1071 249 1178 278 edere
1202 247 1278 278 203.
1316 250 1351 279 in
1376 249 1702 280 lucem—revocare

1069 291 1147 323 202.
1178 294 1213 322 in
1239 295 1442 334 memoriam
1456 292 1536 324 205.
1562 295 1596 324 in
1617 301 1703 332 per-

1071 339 1211 375 petuum
1246 337 1450 368 valedicere
1481 338 1590 369 alicui
1619 337 1702 369 206.

1072 383 1106 412 in
1132 381 1375 412 adolescentia
1409 380 1485 412 175.
1515 385 1550 413 in
1581 383 1700 414 fiucti-

1071 426 1137 456 bus
1150 427 1271 457 iactari
1285 425 1364 456 208.
1383 427 1415 455 in
1427 426 1527 458 Folio
1536 427 1702 469 (Quarto,

1073 469 1232 509 Octavo,
1258 469 1494 510 Duodecimo)
1519 473 1632 503 editus
1657 472 1703 502 li-

1074 516 1136 546 ber
1162 514 1241 545 199.
1264 517 1300 545 in
1327 519 1603 555 praesentiarum
1621 515 1702 548 171.

1073 562 1107 591 in
1132 561 1318 599 procinctu
1350 560 1520 591 bellorum
1549 558 1629 592 206.
1665 563 1702 592 in

1072 606 1213 636 scriniis
1261 606 1437 636 contineri
1487 605 1564 636 199.
1625 604 1703 636 Via.

1073 651 1276 689 Explicat-e.
1300 651 1337 680 iu
1361 652 1497 681 teneris
1514 650 1594 681 177.
1625 649 1702 682 Vid.

1073 694 1197 726 Oratio
1222 695 1255 725 et
1280 694 1452 726 Incidere.

1026 739 1191 771 Incidere
1216 739 1293 770 184.
1334 742 1367 770 in
1394 741 1544 771 bostium
1579 747 1703 772 manus

1072 783 1159 815 ibid.
1200 785 1236 815 iu
1267 784 1500 816 offensionem
1523 783 1603 816 201.
1643 785 1705 816 in-

1072 830 1157 861 cidit
1190 831 1321 860 mentio
1352 830 1504 861 alicuius
1543 829 1601 870 (de
1633 830 1703 861 ali-

1073 873 1155 914 quo)
1187 873 1265 905 204.
1307 875 1467 905 incidens
1500 874 1543 906 de
1574 881 1614 906 eo
1642 875 1704 915 qui

1074 920 1196 950 incidit
1220 917 1297 949 201.
1324 918 1372 958 cf.
1399 919 1475 951 184.

1027 963 1195 995 Incoctus
1219 963 1299 995 203.

1027 1008 1209 1039 Inculcare
1235 1010 1429 1040 memoriae
1454 1008 1532 1039 187.

1026 1053 1263 1084 Incunabula:
1290 1053 1364 1083 vid.
1391 1054 1486 1085 Inde.

1027 1098 1216 1129 Incurrere
1242 1099 1276 1128 iu
1302 1097 1536 1151 offensionem
1559 1096 1640 1130 201.

1025 1143 1189 1173 incursio
1214 1142 1292 1174 204.

1025 1187 1130 1218 Inde:
1167 1188 1209 1218 ab
1234 1195 1277 1218 eo
1302 1188 1383 1219 inde
1410 1189 1588 1228 tempore,
1619 1188 1703 1221 inde

1072 1233 1115 1263 ab
1149 1240 1194 1263 eo
1228 1235 1406 1273 tempore,
1443 1234 1512 1264 iam
1544 1234 1626 1265 inde
1656 1234 1702 1265 ab

1073 1285 1116 1307 eo
1136 1282 1295 1315 tempore
1322 1277 1396 1308 172.
1423 1277 1501 1308 185.
1526 1277 1605 1309 203.
1631 1280 1700 1310 iam

1070 1321 1154 1354 inde
1184 1323 1227 1352 ab
1259 1323 1476 1353 incunabulis
1498 1321 1580 1353 200.
1620 1323 1702 1355 inde

1070 1373 1092 1396 a
1115 1369 1250 1397 teneris
1277 1367 1351 1397 173.
1378 1365 1572 1407 cfiA(ab.)
1598 1371 1701 1399 sexto

1073 1411 1152 1441 iude
1185 1419 1307 1442 mense
1336 1419 1408 1450 pro
1442 1415 1547 1443 sexto
1580 1420 1703 1444 mense

1076 1459 1155 1494 post
1180 1455 1261 1486 201.

1028 1500 1134 1530 Index
1163 1500 1238 1530 175.
1267 1499 1343 1530 180.

1026 1543 1255 1575 Indis-aciens
1277 1544 1338 1575 ubi
1364 1552 1454 1584 opus
1474 1543 1699 1578 Coniunctiv.

1071 1589 1148 1620 195.

1024 1635 1197 1666 Induce1·e
1222 1636 1257 1665 in
1282 1636 1434 1666 animum
1455 1634 1600 1679 (suum),
1624 1637 1700 1669 ani·

1070 1689 1161 1710 mum
1186 1680 1355 1712 inducere
1381 1680 1457 1712 172.
1486 1682 1562 1713 195.

1024 1725 1185 1756 Inductio
1214 1725 1291 1756 174.

1024 1770 1195 1801 inficetae
1219 1770 1327 1809 dapes
1355 1778 1428 1810 pro
1460 1771 1603 1803 insulsis
1627 1769 1699 1813 (in-

1068 1814 1193 1855 coctis)
1218 1817 1309 1846 escis
1334 1817 1494 1855 epulisve
1518 1816 1597 1849 203.

1022 1860 1199 1890 Infinitum
1224 1862 1270 1889 sit
1294 1859 1379 1900 (est)
1404 1861 1483 1891 203.

1022 1904 1181 1935 Inflatus:
1207 1904 1278 1935 vid.
1307 1904 1509 1937 instinctus.

1020 1949 1218 1980 lni'ormare
1252 1949 1317 1980 sibi
1349 1950 1506 1990 aliquem
1540 1950 1697 1983 admira-

1066 1994 1168 2024 bilem
1195 1995 1308 2024 virum
1336 1994 1412 2025 172.

1020 2039 1265 2078 Infrequenter
1286 2046 1358 2078 pro
1383 2046 1466 2071 raro
1490 2038 1570 2070 176.

1018 2083 1201 2121 Ingenium
1224 2091 1297 2122 pro
1314 2088 1451 2124 natura,
1475 2086 1698 2125 proprietate

1065 2129 1142 2160 187.
1189 2130 1260 2166 ing.
1300 2129 1469 2170 liuguae,
1505 2132 1699 2172 orationis,

1064 2174 1200 2205 saeculi
1218 2173 1295 2205 187.
1309 2181 1361 2214 sq.
1385 2176 1529 2215 ingenia
1553 2176 1697 2208 heroica

1018 2262 1203 2295 Inimicitia
1224 2271 1296 2302 pro
1320 2265 1515 2295 inimicitiis
1538 2263 1618 2296 191.

1019 2309 1198 2340 Innumeri
1222 2309 1255 2339 et
1281 2310 1554 2341 innumerabiles
1579 2309 1656 2341 185.

1017 2353 1132 2393 Inquit
1156 2354 1189 2384 et
1212 2356 1263 2385 ait
1289 2353 1366 2384 181.

1016 2398 1223 2430 Inscribere
1249 2399 1356 2430 alicui
1380 2396 1508 2430 librum
1533 2397 1611 2430 201.

1017 2443 1207 2483 Inscriptio
1234 2443 1310 2474 175.

1016 2488 1211 2526 Inspiratio
1237 2488 1360 2520 divina
1384 2486 1461 2519 187.

1018 2533 1134 2564 Instar
1159 2533 1237 2564 188.

1015 2578 1222 2609 Instaurare
1247 2576 1328 2608 193.

1015 2623 1207 2654 Instinctus
1225 2623 1367 2652 divinus
1385 2620 1597 2661 afflatusque
1612 2620 1689 2653 187.

1059 2669 1141 2700 inst.
1164 2667 1369 2708 inflatusque
1393 2665 1533 2699 divinus
1557 2664 1646 2699 ibid.
