1816 3233
291 213 440 245 Monere
464 211 540 244 178.
567 212 645 244 182.
672 212 749 243 187.
775 211 840 242 bis.

291 259 420 297 Morte,
444 266 509 289 sua
533 261 648 289 morte
674 258 862 289 defunctus
886 256 965 289 188.

291 303 512 335 Multa-simus
536 301 615 332 170.

291 348 390 379 Multi
414 350 605 378 aestimare
628 346 708 377 176.

291 393 410 424 Mundi
436 393 576 422 creatio
603 391 678 423 187.

291 438 415 469 Munia
439 437 516 467 173.

290 483 418 513 Munus
435 481 693 520 professoriam
708 479 785 510 178.
810 480 966 511 muneris

336 533 496 566 merces,
533 526 664 557 reditus
703 525 779 556 189.
817 532 966 556 munera

336 569 415 600 173.

289 616 380 646 Muri
404 615 438 646 et
461 616 601 646 moenia
625 613 706 646 201.

289 659 418 691 Musae
434 661 468 691 et
486 659 641 690 Gratiae
658 660 887 699 conspirasse
905 660 965 691 az·-

336 706 471 735 cuntur
518 706 557 735 z‘n
600 703 798 744 formando
845 704 966 736 libello

335 750 460 792 aliquo
494 750 570 780 194.

289 796 434 827 Mutuo:
473 795 645 834 epistolae
676 799 796 826 mutuo
822 797 966 835 nostrae

333 848 404 879 pro
430 841 559 871 mutuis
585 842 687 879 epist.
719 842 852 872 nostris
885 840 966 872 200.

289 886 395 916 Naris
420 886 552 916 obesae
578 885 655 916 179.

289 930 570 962 Narratiuncula
595 930 672 962 185.

290 976 468 1006 Nativitas
494 975 569 1006 185.

290 1020 380 1052 Natu
405 1020 581 1059 grandior
605 1017 776 1059 (gravior)
801 1018 878 1050 191.
903 1027 966 1049 na-

336 1068 372 1095 tu
393 1073 522 1103 magno
539 1065 601 1095 i.e.
623 1069 706 1096 natu
725 1064 871 1105 grandis
888 1063 965 1094 182.

293 1110 427 1141 Natura
452 1109 533 1140 187.
649 1140 653 1144 ,

288 1155 400 1185 Natus
423 1162 495 1193 pro
518 1154 592 1184 filio
615 1152 695 1184 201.

291 1200 492 1230 Nauclerus
521 1198 598 1229 187.

288 1245 434 1275 Navare
460 1252 603 1283 operam
632 1243 706 1274 172.

289 1289 538 1320 Navicularius
564 1288 640 1319 187.

290 1334 359 1365 Ne:
399 1338 434 1366 ut
467 1342 512 1364 ne
544 1333 624 1364 173.
664 1331 755 1373 quod
791 1339 836 1362 ne
874 1330 966 1362 mire

334 1379 472 1409 (laetum
497 1379 579 1409 ibid.
953 1384 957 1387 ‘

288 1423 446 1455 Necesse
471 1427 526 1455 est
551 1426 589 1453 ut
611 1422 693 1453 202.

289 1468 429 1509 Negare
453 1469 640 1505 obstinate,
665 1468 829 1507 praecise
852 1465 931 1497 207.

287 1513 446 1544 Neminis
471 1512 548 1544 199.
573 1520 624 1553 sq.

288 1558 408 1598 Neque
431 1566 502 1597 pro
527 1566 571 1589 ne
595 1573 638 1580 —
664 1557 802 1598 quidem
828 1554 904 1586 173.

289 1603 407 1634 Nexus
436 1603 512 1634 174.
541 1602 616 1633 182.

287 1648 381 1679 Nihil
408 1647 482 1678 169.
509 1647 591 1679 201.

287 1694 343 1724 Nil
368 1692 445 1723 169.
470 1693 547 1724 201.

289 1738 462 1770 Nimirum
489 1739 566 1770 190.

288 1783 366 1814 Nisi
389 1791 460 1822 pro
485 1786 514 1814 si
539 1792 610 1814 non
635 1781 681 1822 (si
705 1780 837 1819 minus)
868 1781 966 1811 male

331 1829 490 1867 positum
530 1827 604 1858 171.
645 1828 718 1858 173.
762 1828 831 1857 nisi
868 1827 963 1857 forte

334 1880 416 1903 cum
441 1872 652 1903 Indicativo
683 1871 964 1902 construendum

334 1916 414 1948 171.

289 1963 411 1993 Nobile
436 1970 485 1992 (m
509 1962 616 1993 nobili
642 1959 811 2000 (Ablat.)
836 1960 916 1991 172.

287 2008 470 2038 Nocturna
495 2007 695 2038 lucubratio
720 2006 796 2036 191.

288 2053 365 2084 Non
392 2052 540 2092 amplius
566 2051 646 2083 196.
679 2059 748 2082 non
782 2051 885 2081 modo
917 2067 961 2072 —

335 2097 399 2129 sed
426 2102 459 2128 et
487 2096 563 2128 184.
596 2105 667 2127 non
692 2097 760 2127 nisi
785 2095 864 2126 171.
890 2104 959 2126 ῃοι]

334 2144 433 2182 quasi
456 2150 527 2181 pro
547 2150 615 2172 non
641 2150 709 2180 quo
733 2140 852 2181 (quod)
877 2141 960 2171 207.

333 2195 403 2219 nou
442 2187 534 2227 quod
575 2203 612 2208 ——
653 2187 714 2217 sed
752 2186 842 2225 quod
879 2193 961 2216 cum

332 2232 433 2271 elupl.
461 2231 696 2264 Coniunctivo
722 2230 797 2262 181.

288 2278 449 2309 Noscere
483 2285 554 2317 pro
578 2275 679 2316 Perf.
713 2278 856 2308 novisse
885 2275 960 2307 194.

336 2322 417 2353 20-1.

287 2367 400 2399 Notae
428 2367 501 2398 177.
531 2367 606 2398 182.

288 2413 423 2443 Notare
450 2411 651 2451 (adnotare)
679 2412 751 2443 175.
782 2411 858 2442 193.

287 2457 436 2488 Notulae
462 2457 539 2488 182.
579 2458 723 2489 notulas
747 2457 963 2496 adspergere

289 2545 413 2577 Novus
438 2545 601 2586 Lugduni
622 2546 764 2577 advena
786 2545 863 2577 205.
897 2554 963 2576 no-

336 2592 480 2621 vissima
497 2590 685 2632 (extrema)
705 2595 863 2631 tempora
882 2591 961 2622 185.

291 2635 506 2666 Numismata
531 2636 606 2666 193.

290 2679 543 2712 Numismatiea
566 2679 644 2712 181.

845 99 1153 142 -232-

1035 214 1175 244 Nummi
1191 212 1384 244 adulterini
1399 210 1477 243 187.
1500 211 1615 254 probi,
1630 213 1713 245 boni
1744 236 1747 238 >

1079 257 1167 289 ibid.

1034 302 1207 341 Numquid
1233 301 1308 332 198.

1035 348 1134 378 Nunc
1159 346 1236 377 181.
1262 345 1340 376 185.

1036 392 1178 423 Obesae
1203 393 1298 422 naris
1322 389 1400 421 179.

1037 437 1143 468 Obire
1170 437 1246 467 185.

1037 481 1160 513 Obiter
1186 480 1267 512 185.
1291 479 1372 512 200.

1036 526 1175 557 Oblivio
1209 527 1264 557 rei
1298 533 1353 556 me
1386 525 1481 563 capit
1504 523 1581 555 181.
1618 525 1711 556 obli-

1079 574 1190 602 vione
1215 571 1315 601 obrui
1338 568 1416 600 195.
1441 570 1612 600 oblivioni
1635 569 1711 601 dari

1080 616 1158 648 181.
1174 619 1207 647 in
1223 616 1433 646 oblivionem
1443 615 1553 653 abire,
1566 615 1622 645 ire
1630 613 1709 646 195.

1080 662 1160 692 197.
1185 663 1220 691 in
1247 661 1462 691 oblivionem
1486 659 1610 690 adduci
1632 658 1708 690 181.

1081 707 1158 737 182.
1185 708 1218 737 in
1244 706 1461 736 oblivionem
1486 706 1611 736 venire
1627 702 1711 735 181.

1037 751 1164 782 Obrui:
1197 750 1269 781 vid.
1295 750 1450 781 Oblivio.

1038 795 1196 827 obscure
1220 795 1391 836 loquutus
1419 792 1600 832 Isytteub.
1635 792 1708 825 190.

1081 840 1129 881 cf.
1156 840 1232 871 192.
1258 840 1359 879 (127,
1386 839 1439 870 17.
1466 839 1519 870 ed.
1541 837 1618 878 pr.)

1036 887 1239 918 Observare
1264 884 1341 915 183.
1367 885 1560 915 observata
1584 882 1661 914 188.

1036 931 1251 962 observatio
1276 930 1353 961 183.

1036 977 1219 1008 obstinate
1243 981 1435 1014 recusare,
1473 981 1605 1014 negare
1628 971 1708 1004 207.

1036 1022 1254 1052 Obtrectatio
1279 1018 1358 1049 193.

1035 1066 1201 1103 obtutus:
1238 1064 1350 1104 prim'o
1375 1063 1499 1094 obtutu
1522 1061 1603 1093 202.
1628 1061 1709 1094 204.

1037 1111 1199 1143 Occurrit
1225 1110 1369 1149 mentio,
1397 1107 1605 1138 vocabulum
1630 1105 1709 1139 199.

1036 1156 1195 1186 Octobre
1219 1162 1268 1184 an
1292 1153 1437 1184 Octobri
1464 1152 1540 1182 169.
1564 1151 1650 1185 182..

1036 1201 1155 1231 Oculis
1193 1204 1341 1239 captus,
1376 1198 1561 1229 oculorum
1601 1204 1710 1229 sensu

1080 1246 1227 1276 orbatus
1256 1242 1332 1274 191.

1036 1291 1254 1322 Oeconomia
1275 1288 1355 1319 206.

1036 1335 1294 1365 Oeconomicus
1318 1331 1398 1362 206.

1035 1380 1220 1411 Offeusio:
1266 1380 1302 1408 in
1344 1376 1576 1408 offensionem
1616 1377 1709 1408 inci-

1080 1425 1178 1461 dere,
1205 1423 1347 1463 cadere,
1371 1425 1557 1453 incurrere
1580 1421 1659 1454 201.

1033 1468 1195 1501 Officium
1220 1467 1299 1498 173.

1035 1514 1125 1545 Olim
1150 1528 1194 1534 —
1218 1511 1388 1552 quondam
1414 1509 1493 1542 188.
1534 1511 1618 1543 olim
1640 1512 1708 1544 ali-

1079 1558 1228 1598 quando,
1254 1558 1336 1587 olim
1363 1558 1461 1594 prius
1484 1555 1571 1587 ibid.

1034 1603 1209 1642 Olympici
1233 1602 1304 1633 ludi
1325 1601 1401 1633 197.
1427 1601 1610 1642 Olympia:
1635 1601 1709 1634 vid.

1079 1650 1179 1679 Ludi.

1034 1695 1164 1726 Omnes
1190 1693 1316 1732 reliqui
1338 1700 1388 1722 an
1411 1692 1540 1732 reliqui
1563 1689 1708 1734 (ceteri)

1079 1747 1203 1770 omnes
1231 1737 1308 1768 185.

1033 1785 1151 1825 Opera
1174 1784 1208 1814 et
1233 1782 1370 1822 opificia
1393 1782 1471 1814 181.

1033 1830 1183 1869 Operam
1210 1829 1331 1859 facere
1356 1828 1431 1858 180.
1471 1835 1604 1860 navare
1629 1828 1707 1860 172.

1033 1874 1183 1913 Operari
1208 1873 1339 1904 scholis
1368 1872 1444 1903 172.

1033 1919 1179 1957 opificia
1202 1918 1237 1948 et
1260 1925 1372 1956 opera
1401 1917 1474 1948 181.

1033 1963 1159 2003 Opinio
1199 1962 1465 2002 praeiudicata,
1512 1970 1708 2001 praeoccu-

1076 2012 1160 2046 pata
1185 2007 1263 2038 173.

1031 2053 1180 2092 Oportet
1204 2056 1242 2083 ut
1264 2050 1346 2083 202.

1032 2098 1236 2137 oppressor
1263 2097 1341 2127 199.
1398 2122 1403 2129 ,

1031 2144 1129 2182 Opus
1155 2143 1287 2174 habere
1313 2141 1429 2181 aliqua
1453 2148 1495 2172 re
1519 2140 1597 2172 188.
1621 2142 1702 2174 200.

1031 2189 1156 2220 Oratio
1181 2188 1358 2218 adversus
1383 2187 1552 2226 aliquem,
1576 2189 1611 2218 in
1634 2188 1706 2219 ali-

1076 2241 1177 2273 quem
1190 2232 1266 2263 195.
1287 2233 1461 2263 orationis
1478 2234 1614 2271 puritas
1629 2232 1703 2264 171.

1031 2277 1186 2310 orbatus
1211 2278 1393 2309 oculorum
1417 2285 1526 2308 sensu
1551 2275 1628 2308 191.

1032 2323 1137 2354 Orbis
1156 2320 1364 2363 (terrarum)
1384 2322 1553 2362 crudum,
1575 2323 1705 2354 litera-

1078 2372 1132 2399 ius
1157 2368 1232 2399 169.
1258 2366 1337 2398 202.

1034 2413 1154 2445 Ordo:
1198 2420 1240 2442 ex
1281 2412 1407 2443 ordine
1442 2411 1568 2452 legere
1609 2413 1704 2444 seri-

1076 2463 1197 2497 ptores
1224 2456 1298 2488 190.

1032 2502 1144 2534 Ortus
1168 2503 1246 2533 185.

1032 2548 1081 2579 Os
1121 2547 1165 2577 ad
1212 2547 1395 2578 dicendum
1438 2547 1582 2584 aperire
1627 2545 1703 2578 194.

1083 2591 1159 2621 ruz.
1185 2591 1352 2630 pendere.

1032 2636 1147 2668 ouum
1173 2637 1346 2666 literatum
1371 2633 1450 2666 181.

1033 2680 1221 2712 Ovidius
1253 2681 1290 2712 in
1315 2679 1379 2720 Ep.
1411 2687 1455 2711 ex
1478 2679 1593 2711 Ponto
1624 2678 1702 2713 200.

1813 1540 1816 1549 Α
1797 1503 1816 1525 .Ῑ
1795 1311 1816 1478 -..ndns-³⁶3
1814 1290 1816 1294 i
