1816 3233
874 186 1181 225 —114—

319 305 391 342 mis
422 304 697 350 percunctans,
729 303 810 335 tum
839 299 938 335 alios
969 299 1086 335 etiam
1116 299 1377 345 interrogans.
1436 298 1558 335 Cuius
1588 299 1731 346 cogni-

320 360 438 396 tionis
481 355 710 394 auctoritate
752 356 877 391 fretus
929 365 1032 391 nunc
1071 355 1172 391 hanc
1217 355 1303 390 Viri
1356 355 1485 390 Vitam
1526 354 1732 390 memoriae

322 416 453 462 prodo.

435 487 724 525 Valckenarius
756 488 856 524 diem
887 488 984 524 obiit
1013 487 1244 534 insequente
1274 496 1374 523 anno
1395 486 1568 535 (1785.)
1601 496 1733 522 mense

321 545 480 593 Martio,
520 544 652 580 multis
691 544 759 580 ille
797 544 892 579 mihi
935 544 1154 580 nominibus
1193 543 1412 592 lugendus:
1449 545 1487 578 et
1514 543 1734 578 Literarum

230 614 310 650 190
327 610 485 651 caussa,
525 600 721 636 exstincto
763 610 892 636 earum
933 601 1059 636 altero
1099 600 1223 636 veluti
1264 598 1411 634 lumine
1452 601 1490 633 et
1520 599 1651 634 oculo:
1696 601 1734 632 et

325 657 401 693 mei
442 666 519 692 non
550 656 677 692 minus
718 666 880 702 caussa,
919 656 1062 691 amisso
1093 657 1214 691 altero
1243 655 1403 690 doctore
1433 657 1472 690 et
1502 654 1639 697 amico,
1668 654 1735 688 in·-

324 715 604 749 crementorum
644 721 814 747 meorum
863 713 1016 746 fautore
1055 715 1171 756 atque
1220 711 1409 746 adiutore.
1484 709 1585 746 Huic
1625 717 1735 745 nemo

323 778 585 805 successurus
615 769 710 809 erat,
759 767 834 802 nisi
866 777 977 811 quem
1008 767 1269 803 Ruhnkenius
1300 765 1630 801 commendasset:
1671 768 1736 800 at-

324 835 399 870 que
427 824 463 859 is
492 834 553 859 me
583 823 727 858 dudum
749 822 1025 867 Valckenario,
1058 832 1106 857 ne
1135 823 1221 868 ipso
1252 822 1405 868 quidem
1439 821 1606 865 nolente,
1638 830 1736 855 suc-

323 889 521 916 cessorem
570 878 848 913 destinaverat.
924 879 1011 925 Ego
1049 879 1252 923 quominus
1298 877 1463 912 oblatam
1513 876 1735 913 cathedram

325 935 504 981 accipere
533 934 688 981 vellem,
720 936 864 969 factum
895 936 953 968 est
985 943 1110 969 rerum
1141 944 1310 969 mearum
1341 932 1603 978 temporisque
1629 931 1738 967 illius

324 991 565 1035 rationibus3
596 990 697 1035 quod
727 989 765 1025 in
797 989 1155 1025 Amstelodamensi
1187 989 1393 1025 Athenaeo
1424 998 1562 1023 recens
1592 998 1615 1022 a
1638 986 1737 1023 Phi-

323 1046 505 1092 losophia
535 1045 583 1079 ad
613 1045 825 1092 Historias,
852 1045 1137 1089 Eloquentiam,
1170 1044 1402 1088 Literasque
1434 1046 1472 1078 et
1494 1044 1667 1079 Graecas
1698 1044 1738 1077 et

323 1101 488 1137 Latinas
527 1100 743 1143 traductus,
782 1100 1026 1145 ampliorem,
1065 1099 1104 1135 in
1147 1109 1220 1144 quo
1261 1108 1522 1143 excurrerem,
1561 1101 1736 1143 campum

323 1160 462 1192 nactus
493 1165 641 1200 essem,
684 1165 756 1190 nec
788 1156 912 1190 minus
942 1155 1052 1190 urbis
1083 1155 1266 1190 diuturna
1297 1154 1593 1197 consuetudine,
1625 1163 1736 1198 quam

325 1211 504 1247 comitate
527 1211 838 1258 magistratuum,
869 1213 1033 1246 tenerer.
1094 1210 1136 1247 Si
1169 1210 1259 1255 quid
1279 1209 1384 1245 mihi
1414 1212 1520 1256 tunc,
1552 1208 1738 1255 repudia-

327 1270 392 1302 tae
422 1266 656 1302 conditionis
688 1277 841 1311 caussa,
872 1266 1099 1301 succensuit
1129 1266 1410 1311 Ruhnkenius,
1451 1265 1523 1300 hoc
1553 1267 1591 1300 et
1622 1264 1740 1299 breve

329 1323 424 1369 fuit,
467 1324 504 1356 et
535 1332 623 1357 cum
655 1331 784 1357 amore
815 1322 1086 1371 coniunctum,
1127 1325 1164 1356 et
1196 1324 1329 1357 vetere
1359 1331 1446 1356 mox
1479 1319 1742 1356 benivolentia

329 1378 586 1414 obliteratum.

443 1467 671 1513 Caeterum,
720 1468 867 1511 sperati
905 1467 1065 1514 collegii
1113 1467 1396 1512 convictusque
1446 1465 1739 1501 frustrationem

328 1522 496 1558 invicem
529 1532 640 1567 porro
671 1524 1012 1568 compensavimus
1052 1523 1250 1558 invisendi
1281 1521 1521 1567 frequentia:
1563 1523 1601 1556 ct
1631 1529 1740 1555 com-

328 1578 507 1623 pensavit
538 1588 663 1613 novus
694 1578 849 1626 collega
878 1581 907 1614 1.
940 1581 983 1614 G.
1018 1580 1074 1614 Te
1105 1581 1260 1622 VVater,
1301 1577 1539 1624 Theologus,
1571 1576 1635 1621 qui
1667 1585 1741 1620 quo

326 1635 365 1668 in
395 1643 545 1680 genere
576 1634 797 1669 censendus
828 1637 960 1681 essct,
991 1635 1077 1679 ipse
1109 1634 1280 1669 ostendit
1308 1637 1348 1669 et
1377 1633 1466 1668 aliis
1500 1631 1672 1677 scriptis,
1703 1633 1744 1666 ct

328 1689 502 1724 oratione
533 1690 580 1724 de
614 1690 807 1734 Tloeeologso
835 1691 1004 1737 erudito,
1036 1694 1173 1735 postea
1204 1690 1347 1726 habita.
1408 1690 1535 1724 Huius
1565 1686 1742 1723 absentis

327 1744 542 1779 doctrinam
582 1755 668 1779 cum
707 1745 797 1779 aliis
836 1755 857 1780 e
896 1746 1199 1791 speciminibus,
1238 1749 1316 1781 tum
1356 1755 1378 1780 e
1408 1744 1572 1780 consilio
1604 1742 1743 1779 edendi

328 1798 495 1835 Arnobii
515 1804 767 1844 perspexerat
786 1800 1069 1835 Ruhnkenius:
1101 1802 1218 1836 huius
1241 1801 1334 1835 item
1358 1800 1579 1844 praesentis
1601 1800 1743 1834 huma-

230 1858 311 1894 191
329 1855 451 1890 nitate
492 1858 530 1888 et
567 1855 850 1890 consuetudine
880 1855 1095 1902 gaudebat:
1135 1855 1338 1900 eidemque
1379 1855 1588 1891 editionem
1619 1864 1743 1900 opus-

329 1910 502 1946 culorum
536 1909 575 1946 P.
597 1912 642 1946 E.
669 1911 895 1956 lablonskii,
930 1911 1046 1946 unius
1078 1912 1243 1946 omnium
1278 1912 1348 1945 hoc
1379 1911 1537 1946 saeculo
1569 1910 1743 1946 Theolo-

331 1975 469 2013 gorum
509 1965 777 2008 eruditissimi,
821 1966 1116 2000 commendavit.
1182 1966 1281 2001 Nam
1324 1966 1420 2001 haec
1459 1967 1506 2001 ab
1548 1965 1634 2001 eius
1663 1965 1743 2000 filio

328 2020 405 2056 sibi
444 2020 565 2055 missa
605 2021 721 2055 edere
760 2024 983 2066 receperat:
1029 2030 1117 2056 mox
1153 2021 1480 2065 animadvertens,
1522 2031 1619 2066 opus
1650 2030 1739 2056 esse

330 2076 480 2111 editore
510 2076 549 2110 in
581 2075 845 2111 Orientalibus
878 2076 1021 2111 biteris
1053 2080 1222 2122 versato,
1253 2077 1504 2113 Schulteusio
1535 2086 1582 2112 ea
1612 2076 1739 2112 tradi-

331 2131 407 2166 dit:
439 2131 552 2166 cuius
583 2132 786 2166 immaturo
818 2132 925 2167 obitu
956 2133 1093 2166 itcrum
1125 2133 1217 2167 orba
1247 2133 1392 2168 tutelae
1422 2132 1615 2168 commisit
1645 2142 1740 2167 eru-

333 2186 516 2221 ditissimi
556 2186 647 2221 item
687 2188 865 2234 collegae
903 2187 1106 2234 'l‘heologi
1180 2191 1280 2223 Sunt
1319 2198 1412 2223 vero
1451 2188 1518 2223 illa
1555 2187 1742 2233 opuscula

333 2242 472 2287 partim
511 2245 626 2277 antea
666 2243 771 2277 edita
810 2243 986 2289 quidem,
1026 2242 1094 2277 sed
1135 2243 1266 2278 multis
1305 2244 1480 2287 partibus
1509 2245 1556 2278 ab
1587 2245 1744 2278 auctore

335 2297 590 2341 locupletata:
625 2299 746 2333 veluti
775 2299 1085 2345 Disquislliones
1114 2300 1161 2333 de
1190 2300 1325 2344 linqua
1354 2299 1607 2346 Lycaonica:
1640 2298 1742 2334 Dis-

333 2353 569 2387 ser-tationes
598 2354 645 2388 de
675 2358 784 2389 terra
817 2356 948 2390 Gosen
966 2382 976 2401 ,
1009 2358 1045 2389 et
1081 2355 1287 2400 Remplmh
1317 2353 1602 2402 Aeyypliorum
1631 2354 1742 2389 Deo:

335 2407 660 2444 Eoeercilatioues
690 2412 736 2444 de
757 2411 1096 2446 Nestor-imzismo:
1129 2411 1267 2456 partim
1298 2414 1389 2445 sunt
1421 2409 1587 2445 nondum
1618 2409 1740 2444 edita:

335 2463 459 2498 veluti
489 2465 797 2501 Differ-tationes
827 2468 879 2500 ad
907 2468 1021 2501 varia
1051 2465 1312 2512 Antiquitatis
1343 2466 1592 2502 Christianae
1612 2466 1746 2511 capita

333 2521 597 2564 pertinentes:
639 2525 718 2555 tum
758 2531 848 2557 vero
890 2521 1111 2567 exquisitae
1141 2531 1237 2567 opus
1267 2522 1479 2567 doctrinae,
1511 2531 1586 2566 quo
1617 2521 1745 2566 pluri-

336 2574 410 2608 mis
440 2575 680 2620 Scriptorum
711 2587 796 2611 cum
828 2587 1050 2623 sacrorum,
1081 2580 1158 2612 tum
1191 2578 1426 2613 Graecorum
1457 2578 1743 2613 Romanorum-

337 2639 426 2676 que,
449 2629 546 2665 locis
566 2641 664 2666 nova
687 2632 753 2667 lux
781 2633 1007 2679 affunditur,
1031 2633 1213 2669 Collectio
1233 2642 1372 2669 vocum
1395 2632 1744 2682 Aeyypciacarum,

337 2693 509 2730 quarum
535 2689 646 2731 apud
678 2688 838 2724 Veteres
864 2691 1011 2725 mentio
1040 2689 1236 2736 occurrit,
1275 2688 1444 2725 describi
1474 2690 1611 2735 coepta
1642 2697 1742 2722 anno

338 2737 460 2776 1722.
493 2742 669 2777 absoluta
693 2741 812 2779 1740.
873 2746 1043 2791 Nossut
1075 2748 1112 2781 et
1143 2744 1441 2781 lablonskianae
1472 2748 1508 2781 et
1541 2742 1743 2781 Arnobia-
