1816 3233
834 216 1145 260 ——222—

345 332 504 362 extrema
532 330 626 361 vitae
661 335 744 369 pars
779 329 862 362 inde
898 331 940 363 ab
979 338 1073 362 anno
1108 330 1238 362 aetatis
1272 329 1532 371 septuagesimo
1568 330 1695 370 quarto

347 373 476 415 (1796.)
502 383 610 415 usque
634 374 677 406 ad
703 379 871 415 mortem,
905 384 995 416 quae
1025 379 1245 416 consequuta
1268 378 1326 406 est
1351 375 1384 406 d.
1407 374 1463 407 14.
1487 385 1533 408 m.
1556 377 1639 409 Maii
1662 384 1695 407 a.

346 420 447 451 1798.
479 422 605 450 aetatis
629 427 723 451 auno
749 421 909 452 LXXVI.
934 421 1013 451 273.
1036 427 1111 460 sqq.

279 464 431 496 Rutilius
456 463 574 503 Lupus
597 465 800 495 Ruhnkenii
825 464 902 496 142.
928 472 1003 505 sqq.
1041 463 1089 504 cf.
1114 464 1192 496 109.

277 509 435 540 Sallustii
459 508 555 539 locus
579 509 672 541 laud.
695 510 774 540 2⁴5.
800 510 885 541 adn.
919 509 963 541 de
989 510 1124 541 Catone
1147 509 1203 540 32.
1229 508 1315 539 adn.

279 553 476 584 Salmasius
501 551 652 595 (Claud.)
677 554 734 586 24.
758 552 824 595 (cf.
848 553 1039 595 scaliger.)
1061 554 1117 585 27.
1142 553 1199 585 94.
1225 553 1311 584 adn.
1335 552 1414 584 133.
1439 551 1520 586 163.

278 598 550 629 sanctocrucius
574 597 630 629 71.

276 644 467 673 8301001115
493 642 634 683 (baur.)
659 642 740 674 170.

278 688 464 762 811111ῖο108
488 690 610 720 omnia
642 696 746 729 quam
778 689 945 720 facillime
976 690 1137 720 tractare
1169 689 1448 728 pronunciarunt
1473 688 1587 719 Stoici
1617 686 1696 719 266.

294 741 298 744 ·
345 739 367 761 a
392 740 430 762 n.

278 778 408 808 Saxius
433 775 668 817 (christoph.)
693 777 751 808 45.
776 776 856 809 165.
882 777 967 809 adn.
1001 779 1078 809 eius
1102 778 1358 810 Onomasticon
1382 778 1519 810 literar.
1542 774 1630 807 ibid.

277 822 438 862 Scaliger
462 821 632 861 (loseph.)
658 822 713 854 94.
737 822 822 853 adn.
860 831 937 854 cum
962 823 1007 854 Is.
1033 824 1244 855 casaubono
1278 826 1314 854 et
1345 822 1492 854 Claudio
1524 821 1698 852 Salmasio

346 869 567 907 antiquarum
603 867 783 898 literarum
815 870 1046 907 principatum
1079 871 1192 900 tenuit
1221 866 1277 898 24.
1308 867 1364 899 27.
1400 866 1476 899 133.
1509 865 1589 898 163.
1618 865 1697 897 249.

345 912 388 942 ab
413 920 456 943 eo
482 914 697 944 constitutae
731 912 902 953 quondam
935 913 1146 952 disciplinae
1177 916 1345 953 praeerat
1368 912 1618 944 Hemsterhus.
1641 908 1697 940 17.

346 958 495 988 venandi
526 958 644 988 studio
683 957 750 989 fuit
780 957 917 988 deditus
948 958 1025 989 272.
1062 958 1157 989 extr.
1194 960 1229 988 in
1261 957 1475 998 fragmentis
1511 959 1699 997 poetarum

345 1003 511 1033 eruendis
535 1005 665 1041 primus
690 1002 855 1033 excelluit
880 1002 956 1033 135.

276 1046 451 1078 Schelleri
476 1048 630 1078 Lexicon
657 1048 732 1078 Lat.
759 1050 911 1078 curante
934 1046 1148 1078 Ruhnkenio
1173 1046 1302 1078 editum
1326 1045 1410 1077 204.
1432 1052 1509 1086 sqq.
1541 1043 1591 1085 cf.
1611 1043 1699 1077 adn.

345 1091 395 1121 ad
418 1091 497 1122 206.

279 1136 430 1167 scholae
453 1136 496 1167 ab
521 1135 731 1166 Ruhnkenio
757 1135 800 1166 de
827 1136 961 1166 Latinis
987 1135 1223 1175 scriptoribus
1244 1135 1387 1167 habitae
1412 1134 1489 1166 109.

277 1182 459 1221 Sohopen:
484 1180 559 1211 vid.
584 1181 730 1211 Terent.
862 1190 868 1191 ⁷

277 1227 496 1258 Schraderus
519 1224 623 1265 (lo.):
649 1225 721 1256 vid.
748 1225 970 1255 Burmannus
995 1224 1030 1255 et
1054 1223 1215 1257 Gronov.

279 1271 512 1303 Sclmltensii:
537 1271 704 1301 Albertus
729 1270 806 1300 207.
833 1270 883 1300 lo.
904 1269 1052 1301 lacobus
1075 1269 1164 1300 ibid.
1188 1271 1266 1301 eius
1290 1270 1383 1301 filius
1402 1270 1511 1301 Henr.
1528 1267 1697 1300 Albertus

345 1314 433 1346 ibid.
448 1315 483 1345 et
497 1323 592 1355 seqq.
618 1316 776 1353 idemque
797 1316 920 1354 viginti
939 1320 1087 1354 quatuor
1103 1323 1216 1346 annos
1235 1318 1336 1346 natus
1352 1315 1448 1345 Prot.
1462 1313 1697 1345 Orientalium

346 1361 529 1391 literarum
556 1361 668 1390 factus
684 1359 935 1390 Amstelodami
959 1358 1037 1390 208.
1064 1362 1156 1399 patri
1182 1363 1321 1391 mortuo
1343 1366 1536 1391 successor
1550 1358 1696 1398 Lugdu-

348 1405 641 1436 numbatavorum
675 1404 854 1435 traductus
878 1402 964 1434 ibid.
998 1402 1046 1442 cf.
1072 1402 1151 1434 175.
1188 1405 1405 1436 Meidanium
1429 1404 1590 1434 editurus
1613 1402 1695 1433 209.

346 1450 379 1480 ei
403 1450 570 1487 opuscula
595 1449 786 1480 lablonskii
818 1449 952 1479 edenda
983 1449 1089 1479 tradit
1113 1449 1251 1480 Ruhnk.
1280 1448 1354 1481 191.
1394 1450 1470 1480 eius
1496 1456 1593 1479 mors
1616 1446 1696 1477 207.

279 1494 581 1526 Schurtztleischii
606 1493 774 1533 Origines
798 1493 1030 1524 Pomeraniae
1054 1492 1133 1523 179.

278 1540 462 1578 Scioppius
487 1538 565 1570 230.
591 1539 676 1569 adn.

279 1584 489 1623 Scriptores
513 1585 536 1614 i.
563 1592 594 1615 e.
626 1585 683 1624 qui
715 1591 822 1623 prosa
847 1584 1011 1614 oratione
1043 1584 1285 1622 scripserunt,
1323 1589 1454 1621 oppon.
1476 1581 1594 1620 poetis
1616 1578 1696 1611 145.

347 1630 427 1661 adn.
466 1636 554 1668 quae
585 1630 631 1659 sit
662 1630 697 1659 in
729 1630 772 1659 iis
808 1628 969 1669 legendis
1003 1628 1257 1669 progrediundi
1290 1631 1386 1659 recta
1425 1629 1520 1659 ratio
1546 1626 1603 1656 36.
1642 1621 1699 1664 Cf.

347 1674 535 1705 Difficiles.

281 1722 439 1752 Senecae
464 1720 642 1750 Latinitas
667 1718 748 1749 229.
773 1718 872 1749 locus
897 1717 986 1757 expl.
1011 1717 1093 1748 266.
1117 1717 1202 1747 adn.

280 1765 441 1796 Sem-sim
465 1765 614 1795 barbare
639 1765 808 1794 scribitur
833 1771 897 1803 pro
920 1770 1084 1794 seorsum
1106 1763 1162 1794 52.
1187 1762 1267 1794 adn.

281 1810 392 1850 Sequi
416 1813 451 1841 et
474 1808 616 1848 assequi
641 1809 696 1839 28.
723 1812 759 1839 et
784 1809 864 1839 adn.

281 1857 466 1887 Sermonis
491 1854 675 1884 familiaris
701 1854 847 1893 elegans
872 1854 1022 1884 imitatio
1048 1850 1127 1883 189.
1153 1851 1238 1881 adn.

279 1900 446 1932 Siceliota
469 1897 553 1939 (Io.)
579 1899 827 1939 Hermogenis,
851 1906 921 1929 non
945 1897 1125 1937 AristidiS,
1151 1897 1408 1927 commentator
1430 1892 1511 1926 127.
1536 1893 1623 1925 adn.

279 1945 410 1977 Sieben
436 1943 622 1982 (Barthol.)
647 1943 704 1974 48.
729 1943 814 1974 adn.

280 1990 527 2022 Siebenkeesii
552 1987 617 2027 (lo.
643 1987 746 2027 Phil.)
772 1987 959 2019 Anecdota
985 1985 1126 2018 Graeca
1154 1985 1232 2016 162.
1257 1984 1342 2015 adn.

282 2034 583 2073 Smallenburgius
609 2032 705 2064 Ictus
728 2032 807 2063 204.

282 2082 456 2113 Socrates
481 2079 624 2110 dolores
649 2078 824 2110 salutares
843 2078 1007 2108 iniiciens
1024 2075 1255 2106 familiaribus
1269 2072 1324 2105 10.
1351 2072 1573 2104 Socraticum
1592 2077 1699 2112 prae-

351 2127 491 2164 ceptum
513 2122 596 2154 271.

283 2170 426 2202 Solonis
450 2169 508 2200 lex
532 2170 568 2199 10
593 2169 693 2199 cives
717 2171 921 2199 neutrarum
945 2167 1099 2206 partium
1122 2164 1201 2196 256.
1225 2170 1277 2204 sq.
1303 2162 1338 2194 et
1361 2161 1447 2193 adn.

283 2217 434 2248 Somnus
457 2214 571 2245 frater
595 2214 720 2243 mortis
744 2213 823 2242 279.

284 2259 472 2300 Sophoclis
495 2259 671 2290 sententia
694 2256 775 2288 247.
801 2257 885 2288 adn.

284 2308 395 2337 Sora:
420 2303 494 2334 vid.
518 2301 682 2333 Addend.
706 2302 756 2332 ad
784 2302 856 2333 117.
883 2300 988 2331 latius
1011 2298 1065 2330 ed.

287 2350 406 2389 Spaau
431 2348 542 2387 (Petri
567 2346 650 2388 van)
675 2348 718 2378 de
744 2347 955 2385 Antiphontc
979 2344 1170 2383 disputatio
1194 2341 1274 2374 146.

285 2395 505 2435 Spaldingius
529 2392 587 2433 (G.
611 2391 667 2433 1..)
692 2393 923 2429 Quinctiliani
946 2389 1063 2421 editor
1087 2387 1162 2419 193.
1187 2395 1239 2428 sq.
1275 2388 1309 2418 ei
1341 2384 1568 2426 nequidquam
1595 2383 1702 2415 offer-

356 2443 412 2471 tur
436 2438 653 2470 Graecarum
678 2437 815 2468 literar.
842 2435 1015 2468 cathedra
1045 2436 1081 2465 in
1107 2433 1207 2465 acad.
1233 2433 1343 2471 Lugd.
1368 2430 1448 2462 215.
1489 2430 1701 2461 Ruhnkenio

355 2492 460 2516 carus
485 2482 562 2514 194.
587 2482 669 2513 232.
1569 2495 1579 2502 -

290 2529 588 2569 Spanhemianum
612 2528 840 2558 commentar.
866 2526 901 2555 in
927 2523 1176 2555 Callimachum
1200 2522 1358 2554 correxit
1381 2519 1517 2552 Ruhnk.
1543 2518 1598 2550 81.

289 2576 506 2607 Staverenus
531 2569 756 2612 (Angustia.)
779 2570 927 2609 Nepotis
951 2571 1086 2611 editor,
1119 2569 1277 2600 infensus
1300 2566 1510 2597 Rulmkenio
1540 2563 1620 2596 126.
1644 2562 1701 2594 89.

357 2619 443 2649 adn.
477 2618 536 2649 G.
559 2618 611 2648 Ne
636 2625 690 2647 os.

291 2663 463 2698 Stobaeus
486 2616 566 2693 2159.
593 2627 679 2693 alsia.
717 2660 907 2691 Stobaeani
935 2658 1120 2698 Florilegii
1153 2656 1440 2696 Supplementum
1470 2655 1612 2693 insigne
1643 2660 1702 2685 re-

361 2709 453 2746 perit
475 2706 613 2737 Ruhnk.
638 2706 717 2736 185.

294 2754 490 2786 Stoicorum
517 2752 696 2782 sententia
719 2749 796 2780 266.

293 2798 455 2834 Stravius
479 2794 532 2836 (B.
556 2794 614 2835 G.)
639 2794 692 2826 67.
718 2794 805 2826 adn.
