1833 3237
855 183 1132 251 ,θῇς

279 327 355 363 utri
375 327 533 362 fuerunt
556 320 756 359 victores?
785 325 827 363 P.
856 325 1033 360 Romani.
1066 326 1110 361 R.
1143 325 1208 361 An
1237 323 1327 359 item
1359 325 1405 360 ab
1426 324 1538 361 initio
1559 325 1691 362 victo-

278 393 343 419 res
384 377 571 418 fuerunt?
630 381 673 417 P.
723 380 910 416 Minime!
962 384 1127 426 quatuor
1172 380 1358 425 deinceps
1416 382 1559 428 pugnis
1596 381 1694 417 victi

279 441 372 474 sunt
401 438 448 472 ab
480 435 720 482 Hannibale,
752 435 799 470 ad
831 437 1024 483 Ticinum,
1055 436 1258 483 Trebiam,
1290 435 1622 483 Thrasymenum,
1654 442 1691 472 et

281 495 446 530 Cannas.
504 490 551 526 R.
582 492 645 528 An
677 502 840 527 caussas
882 492 1054 528 narravit
1096 492 1296 539 magistra,
1328 501 1447 536 quare
1487 493 1581 528 victi
1612 493 1692 528 sint

279 544 475 584 Romani?
516 547 556 582 P.
586 548 674 584 Non
705 547 772 582 illa
802 558 978 594 caussas,
1007 548 1078 584 sed
1109 549 1234 594 tacta,
1268 548 1453 584 narravit.
1511 549 1559 584 R.
1588 550 1692 584 For-

279 608 386 639 tasse
426 603 512 648 ipse
551 606 616 638 tua
655 607 793 649 sponte
832 603 1025 652 intelligis
1066 614 1246 650 caussas,
1277 614 1396 649 quare
1426 604 1591 640 Romani
1631 614 1694 639 res

184 656 261 692 102
281 660 413 705 lapsas
443 658 700 696 restituerint.
763 660 802 694 P.
833 661 962 703 Certo,
993 660 1194 706 intelligo:
1225 671 1369 695 caussa
1392 660 1510 695 huius
1540 660 1596 695 rei
1617 659 1695 695 fuit

280 725 411 751 eorum
443 714 643 752 fortitudo.
703 715 752 752 R.
781 716 845 751 An
877 715 1002 761 igitur
1032 715 1144 750 initio
1180 716 1271 751 belli
1312 726 1387 750 non
1419 717 1577 751 fuerunt
1606 716 1693 751 for-

279 768 367 806 tes‘:³
426 772 467 807 P.
497 771 671 806 Fuerunt
701 781 794 806 vero
825 772 962 807 sortes.
1022 772 1068 807 R.
1101 773 1206 818 Ergo
1234 771 1422 806 fortitudo
1443 782 1587 807 caussa
1608 771 1694 816 fuit,

279 830 322 862 ut
365 829 401 862 et
433 826 636 861 vincerent
675 828 714 861 et
753 826 1018 862 vincerentur.
1078 827 1120 864 P.
1166 827 1333 863 Nescio:
1369 827 1439 862 sed
1481 827 1554 862 hoc
1593 827 1692 874 scio,

281 882 472 918 neminem
520 892 580 918 me
619 881 749 917 adhuc
787 884 864 917 tam
911 882 1065 918 difficili
1106 882 1255 918 ratione
1293 883 1573 929 interrogasse.
1642 883 1691 920 R.

279 940 388 985 Age,
419 937 553 973 facilia
582 937 856 984 interrogabo:
885 948 934 973 an
965 938 1153 974 credibile
1193 941 1253 974 est
1283 940 1479 975 Romanos
1519 938 1693 974 victores

282 1004 331 1030 ex
373 993 444 1029 hoc
484 993 584 1028 beno
624 993 872 1029 discessuros
912 994 1059 1040 fuisse,
1105 994 1138 1028 si
1179 994 1459 1040 potentissimi,
1496 994 1563 1039 qui
1602 998 1694 1030 tunc

281 1052 412 1093 erant,
453 1058 571 1096 reges
602 1049 736 1094 copias
774 1060 868 1084 suas
907 1059 994 1084 cum
1027 1049 1422 1096 Carthaginiensibus
1459 1049 1693 1084 coniunxis-

280 1101 397 1140 sent?
457 1104 496 1141 P.
525 1104 688 1147 Quinam
719 1114 838 1152 reges
868 1102 958 1140 itti?
1016 1106 1065 1142 R.
1107 1105 1170 1141 An
1204 1105 1334 1140 nescis
1365 1106 1492 1141 fuisse
1523 1105 1593 1140 illa
1619 1115 1688 1140 ae-

280 1164 360 1196 tate
390 1159 684 1205 potentissimos
715 1170 831 1208 reges
861 1160 973 1207 illoS,
1006 1161 1221 1196 Alexandri
1253 1161 1395 1208 Magni
1425 1171 1693 1206 successores,

281 1216 322 1252 in
352 1215 602 1266 Macedonia,
634 1216 755 1258 Asia,
785 1216 920 1264 Syria,
951 1214 1170 1263 Aegypto?
1232 1218 1270 1252 P.
1300 1217 1392 1253 Scio
1424 1217 1624 1264 equidem,
1655 1220 1695 1252 et

282 1282 415 1307 eorum
446 1271 655 1307 Historiam
695 1272 773 1307 alio
812 1272 940 1317 capite
979 1272 1254 1308 tractavimus:
1294 1273 1361 1308 sed
1405 1283 1480 1308 non
1521 1272 1695 1320 cogitavi

282 1337 350 1363 eos
381 1327 507 1362 fuisse
537 1330 708 1372 tempore
738 1328 829 1363 belli
857 1327 995 1363 Punici
1024 1329 1200 1364 secundi.
1260 1329 1310 1366 R.
1341 1329 1581 1366 Caussamne
1611 1328 1696 1375 igi—

282 1386 357 1428 tur,
370 1379 410 1430 *J
443 1386 610 1419 mutuam
643 1394 774 1419 eorum
806 1384 1100 1420 aemulationem
1123 1385 1249 1420 fuisse
1269 1385 1564 1427 animadvertis,
1594 1394 1697 1430 quo-

282 1440 409 1475 minus
433 1439 567 1484 copias
597 1451 714 1483 suaS,
753 1443 821 1475 aut
861 1451 946 1475 cum
979 1439 1373 1484 Carthaginiensibus
1412 1441 1479 1476 illo
1508 1441 1547 1476 in
1580 1440 1696 1489 bello,

281 1499 349 1531 aut
377 1500 513 1541 postea
543 1496 644 1531 inter
673 1506 729 1541 se,
761 1497 1054 1543 coniungerent,
1086 1497 1134 1547 agi
1167 1499 1424 1533 Romanorum
1458 1497 1701 1533 incrementa

282 1554 320 1586 et
351 1551 518 1597 impetus
549 1552 828 1598 retardand0s3
867 1552 969 1587 unde
1009 1554 1155 1588 sactum
1187 1556 1271 1601 est,
1310 1557 1351 1588 ut
1392 1556 1526 1598 postea
1564 1563 1697 1589 omnes

280 1607 340 1642 illi
370 1617 510 1654 regeS‚
535 1607 764 1654 singulatim
794 1618 840 1643 ac
870 1608 1080 1660 deinceps,
1121 1620 1144 1643 a
1186 1610 1372 1645 Romanis
1409 1610 1701 1656 subigerentur.

283 1665 325 1700 P.
357 1663 639 1699 Animadverte
663 1675 766 1699 nunc
795 1664 959 1709 demum,
992 1668 1030 1699 te
1061 1665 1236 1700 dicente:
1266 1668 1305 1700 et
1324 1665 1452 1710 placet
1482 1665 1578 1701 mihi
1600 1666 1699 1701 haec

282 1718 582 1755 animadversio.
641 1720 689 1755 R.
719 1721 792 1755 Est
817 1729 912 1755 sane
943 1730 1168 1756 caussarum
1200 1721 1488 1757 animadversio
1521 1732 1595 1757 non
1626 1731 1697 1757 so-

281 1774 361 1810 lum
390 1774 572 1819 iucunda,
602 1774 671 1808 sed
703 1774 817 1810 etiam
848 1776 1069 1810 fructuosa:
1100 1776 1171 1810 sed
1202 1786 1305 1811 nunc
1334 1776 1489 1821 quidem
1521 1787 1595 1813 non
1626 1787 1695 1812 re-

281 1829 492 1876 pugnabis,
521 1829 726 1874 quominus
756 1830 803 1864 de
833 1830 900 1865 illa
930 1830 1034 1865 omni
1056 1831 1242 1877 Historia,
1270 1841 1382 1877 quam
1414 1832 1529 1877 nosti,
1559 1831 1695 1867 detra-

283 1885 419 1920 hamus
446 1895 559 1931 porro
595 1895 820 1921 caussarum
853 1886 1128 1933 cognitionem.
1197 1889 1237 1923 P.
1267 1887 1354 1923 Non
1386 1898 1544 1933 possum
1574 1898 1697 1934 repu-

185 1937 266 1975 103
282 1951 425 1988 gnare:
456 1941 522 1975 sed
557 1941 630 1976 hoc
649 1944 775 1977 tamen
795 1942 957 1987 affirmo,
988 1951 1058 1977 nos
1088 1942 1274 1989 reliquas,
1305 1947 1458 1989 praeter
1487 1944 1576 1979 illas
1607 1954 1630 1978 a
1659 1947 1698 1979 te

285 2000 488 2043 exceptas,
519 2007 653 2032 omnes
685 2008 747 2033 res
779 2000 984 2034 tractasse.
1056 1999 1103 2034 R.
1134 2000 1242 2046 Ergo
1273 1998 1321 2034 de
1351 1999 1469 2050 aliis,
1501 2010 1600 2045 quae
1631 2000 1697 2035 di-

285 2053 434 2104 dicisti,
464 2063 598 2088 narra:
628 2057 707 2098 aut,
737 2053 771 2088 si
804 2055 903 2088 t’orte
933 2056 1090 2099 propter
1128 2055 1414 2090 multitudinem
1454 2065 1580 2091 rerum
1622 2066 1697 2092 ne-

285 2108 365 2144 scis
388 2109 490 2144 unde
515 2108 666 2144 initium
689 2109 826 2152 facias,
856 2108 919 2144 dic
947 2109 1074 2154 ipsum
1105 2109 1258 2146 initium
1286 2111 1486 2147 Historiae
1507 2112 1696 2158 quodnam

285 2165 397 2200 vobis
436 2164 502 2202 sit.
572 2166 614 2202 P.
656 2165 812 2201 Creatio
850 2165 997 2200 mundi.
1072 2166 1117 2203 R.
1159 2167 1214 2201 De
1245 2167 1464 2202 hominibus
1503 2171 1542 2203 et
1582 2168 1698 2203 rebus

284 2220 463 2256 humanis
494 2230 654 2266 quaero.
718 2221 757 2255 Ρ.
788 2221 907 2257 Primi
938 2220 1114 2257 homines
1145 2222 1303 2258 fuerunt
1321 2222 1500 2258 Adamus
1531 2226 1570 2257 et
1598 2223 1696 2268 Eva.

285 2286 381 2321 quos
413 2278 517 2312 Deus
547 2280 659 2312 sexto
700 2277 763 2312 die
802 2277 850 2312 ad
887 2276 950 2312 sui
983 2277 1191 2325 imaginem
1223 2278 1391 2322 creavit,
1430 2278 1469 2313 in
1511 2278 1699 2314 Paradiso

285 2332 513 2376 collocavit,
554 2332 656 2368 unde
697 2337 832 2378 postea
861 2333 1017 2379 expulsi
1054 2337 1156 2370 sunt.
1187 2354 1237 2361 —
1278 2335 1327 2371 R.
1359 2333 1452 2370 Noli
1480 2333 1592 2379 plura
1621 2334 1697 2370 ad-

286 2387 398 2423 dere:
429 2387 622 2435 intelligo,
652 2392 691 2423 te
721 2388 892 2424 libellum
924 2389 1090 2434 aliquem
1121 2393 1280 2425 strenue
1318 2393 1355 2425 et
1384 2389 1603 2426 memoriter
1632 2389 1699 2425 di·-

287 2443 454 2479 dicisse:
492 2443 554 2479 dic
585 2444 770 2480 universe
809 2445 858 2479 de
896 2445 1038 2491 quibus
1069 2446 1290 2481 hominibus
1331 2447 1526 2491 rebusque
1556 2446 1697 2481 deinde

287 2502 326 2535 te
357 2499 543 2535 docuerit.
601 2502 644 2536 P.
683 2502 739 2536 ne
769 2501 910 2536 Adami
942 2501 1133 2549 posteris,
1171 2502 1218 2537 de
1259 2501 1496 2537 Patriarchis
1536 2505 1625 2537 ante
1661 2505 1700 2537 et

286 2558 375 2601 post
395 2555 596 2601 diluvium,
627 2556 781 2592 omuino
813 2557 859 2592 de
891 2558 1048 2593 ludaico
1078 2558 1220 2603 populo
1252 2568 1375 2603 usque
1405 2557 1452 2593 ad
1472 2558 1558 2593 eius
1579 2568 1697 2593 ever-

286 2611 446 2647 sionem.
506 2613 552 2647 R.
592 2613 719 2655 Quare
750 2613 881 2648 credis
921 2614 1017 2649 haec
1055 2613 1110 2649 ita
1141 2614 1289 2660 fuisse,
1328 2617 1371 2650 ut
1409 2612 1612 2650 didicisti?
1655 2614 1697 2651 Ρ.

288 2666 386 2708 Quia
417 2667 569 2713 prodita
599 2671 688 2703 sunt
729 2668 767 2704 in
809 2670 918 2704 libris
957 2669 1103 2715 sacris,
1134 2669 1393 2716 inspiratione
1434 2670 1579 2707 divina.
1649 2671 1698 2707 R.

286 2786 318 2826 ·)
343 2787 444 2819 Hane
469 2787 628 2820 breviter
651 2791 768 2830 attigit
793 2790 1001 2823 Plutarchus
1026 2791 1080 2822 De
1104 2792 1263 2823 Fortuna
1286 2792 1387 2822 Rom.
1414 2801 1445 2831 p.
1470 2791 1548 2822 324.
