1833 3237
853 200 1159 242 —110-

299 316 416 353 ferre.
474 318 526 352 Et
555 323 653 361 quae
683 312 867 360 deinceps
898 318 1059 351 secutae
1088 317 1180 350 sunt
1210 324 1297 350 cum
1318 313 1496 364 partium,
1527 320 1609 353 tum
1638 325 1705 354 re-

298 382 382 408 rum
413 371 586 408 civilium
615 372 654 405 et
684 368 912 406 bellicarum
938 370 1248 422 vicissitudines,
1278 373 1394 407 notae
1423 375 1514 409 sunt
1545 373 1582 409 in
1613 372 1707 409 vul-

198 428 280 464 183
296 438 387 475 gus,
417 437 489 463 nec
528 428 661 461 nostra
699 425 913 472 scriptione
950 426 1201 473 repetendae.
1260 426 1520 464 Ruhnkenius
1550 429 1705 475 quidem

298 493 420 527 usque
449 481 495 516 ad
526 484 741 517 extremum
773 482 878 518 vitae
901 485 1053 528 tempus
1083 485 1243 519 secutus
1263 485 1325 518 est
1345 485 1475 528 partes
1498 484 1705 532 libertatis,

297 537 527 584 honestatiS,
558 537 780 586 dignitatis,
812 538 1031 584 probitatis,
1060 538 1276 574 communis
1306 538 1467 574 salutis:
1500 538 1539 575 in
1566 540 1707 585 quibus

296 604 411 638 quum
442 595 549 629 recta
580 593 645 629 via
674 596 714 629 et
744 596 969 630 constanter
999 597 1206 643 pergeret,
1237 597 1277 630 et
1306 594 1472 630 candide
1498 595 1706 641 profitere-

295 653 370 695 tur,
401 648 495 694 quid
525 649 612 696 ipse
640 652 885 696 sequeretur,
900 650 992 696 quid
1024 651 1063 687 in
1092 654 1259 696 utraque
1285 660 1427 686 caussa
1458 653 1496 687 et
1525 651 1708 697 probaret

293 709 331 741 et
363 704 613 752 improbaret3
642 707 787 742 factum
817 709 891 752 est,
910 710 954 741 ut
983 707 1032 743 ab
1063 706 1255 753 omnibus,
1284 705 1400 742 etiam
1430 706 1587 742 diversa
1611 717 1709 743 sen-

295 760 498 806 tientibus,
535 761 574 798 id
613 761 714 807 quod
755 764 861 805 erat,
900 758 1005 798 idem
1043 765 1083 798 et
1114 762 1238 798 bonus
1270 762 1341 808 vir,
1372 766 1412 798 et
1443 763 1567 799 bonus
1593 761 1710 810 civis,

296 820 334 853 et
365 816 575 853 haberetur
605 820 644 852 et
676 816 953 854 nominaretur.

408 873 486 909 Sed
518 872 607 908 dum
639 873 781 909 bellum
813 883 860 908 ac
882 871 1154 908 dissensiones
1187 872 1345 909 multum
1360 872 1543 909 destinati
1561 872 1708 910 Literis

295 927 365 963 otii
395 931 434 964 et
454 928 702 965 familiarium
733 939 884 975 quoque
900 928 1098 964 materiam
1111 938 1331 964 sermonum
1344 932 1548 975 occupant,
1564 929 1710 966 Ruhn-

295 983 436 1019 kenius
466 986 594 1020 tamen
625 987 749 1020 statas
781 986 895 1021 horas
934 983 1142 1020 matutinas
1180 995 1228 1020 ac
1257 985 1504 1031 vespertinas
1534 985 1636 1021 domi
1666 984 1707 1021 in

294 1039 567 1075 bibliothecam
605 1051 649 1076 se
687 1050 799 1076 suam
837 1040 1006 1082 abdens,
1049 1039 1183 1075 Musis
1222 1040 1471 1085 operabatur.
1538 1042 1590 1077 Et
1620 1051 1710 1077 cum

294 1094 380 1129 eius
420 1104 578 1139 operum
616 1095 762 1142 duplex
801 1098 907 1131 esset
932 1105 1076 1143 genuS,
1109 1094 1254 1131 editum
1285 1098 1323 1131 et
1352 1095 1566 1133 edendum:
1597 1105 1711 1131 cum-

293 1160 369 1195 que
401 1153 539 1186 natura
569 1151 607 1187 ei
634 1150 903 1188 incredibilem
934 1150 1135 1187 tribuisset
1171 1150 1303 1187 decori
1334 1151 1580 1197 perfectique
1608 1162 1707 1187 sen-

293 1216 380 1242 sum
422 1209 459 1242 et
499 1207 728 1253 appetitum,
766 1210 809 1244 ut
839 1207 1019 1243 omnibus
1050 1207 1089 1243 in
1122 1207 1238 1243 rebus
1267 1210 1477 1255 spectaret,
1508 1216 1583 1243 nou
1614 1206 1709 1253 quid

294 1261 441 1309 vulgus
473 1262 664 1308 laudaret,
683 1263 751 1299 sed
773 1263 864 1309 quid
884 1273 956 1299 suo
986 1263 1072 1309 ipse
1103 1263 1248 1299 iudicio
1278 1264 1444 1309 probare
1476 1266 1622 1310 posset,
1653 1265 1707 1311 et,

294 1318 395 1364 quod
425 1318 474 1354 de
504 1318 804 1355 Hemsterhusio
833 1319 917 1365 ipse
948 1315 1166 1368 scripsit,*)
1213 1319 1265 1355 nil
1294 1330 1316 1354 a
1346 1330 1391 1356 se
1422 1319 1500 1356 nisi
1529 1318 1709 1356 omnibus

293 1374 514 1410 absolutum
555 1374 725 1411 numeris
766 1375 885 1412 vellet
924 1374 1058 1421 exire3
1104 1376 1250 1411 factum
1289 1378 1367 1423 est,
1413 1379 1456 1412 ut
1494 1375 1621 1424 magis
1659 1375 1708 1411 ad

293 1430 399 1466 edita
440 1431 700 1478 retractanda,
736 1441 849 1477 quam
888 1431 937 1466 ad
974 1430 1122 1467 inedita
1167 1431 1365 1477 prodenda
1402 1431 1629 1479 duceretur,
1670 1434 1709 1468 et

295 1485 392 1522 baec
429 1487 579 1523 interea
616 1491 848 1536 seponeret,
887 1487 976 1523 dum
1015 1487 1083 1523 illa
1121 1487 1169 1522 ad
1212 1497 1421 1533 summam,
1465 1488 1591 1532 quoad
1622 1487 1708 1523 eius

293 1542 377 1577 fieri
408 1546 553 1589 posset,
582 1543 864 1590 perfectionem
903 1543 1185 1590 locupletasset
1214 1551 1261 1578 ac
1291 1542 1512 1588 polivisset.
1572 1542 1710 1592 Igitur,

292 1608 391 1633 anno
431 1598 602 1644 proximo
641 1598 835 1647 (1782.)
875 1599 999 1635 altera
1035 1598 1208 1635 editione
1246 1599 1453 1634 renovavit
1491 1598 1590 1635 duos
1620 1598 1709 1635 illos

293 1654 468 1699 Hymnos
513 1655 754 1701 Homericos,
795 1664 880 1690 cum
919 1655 1071 1691 duabus
1102 1655 1294 1701 Epistolis
1325 1654 1483 1692 Criticis
1512 1657 1604 1691 ante
1634 1654 1709 1690 tri-

194 1717 276 1755 184
292 1709 405 1757 ginta
444 1720 567 1746 annos
612 1711 777 1757 primum
816 1710 954 1747 editis:
999 1711 1142 1757 quibus
1190 1713 1297 1746 tanto
1346 1710 1530 1762 temporis
1578 1711 1708 1747 inter-

294 1766 397 1801 vallo
437 1769 620 1811 quantum
660 1767 890 1803 incrementi
927 1766 1155 1812 accesserit,
1194 1766 1262 1802 vix
1304 1767 1492 1803 credibile
1522 1766 1589 1814 sit,
1618 1776 1707 1802 cum

292 1821 331 1857 in
362 1822 471 1867 copia
510 1825 549 1858 et
586 1822 761 1867 materia,
801 1826 880 1858 tum
911 1822 948 1857 in
981 1822 1111 1867 operis
1142 1822 1384 1867 perfectione
1414 1825 1452 1858 et
1480 1822 1590 1857 lima:
1620 1832 1708 1858 cum

291 1877 333 1914 in
361 1880 495 1913 vetere
532 1881 763 1925 argumento
801 1877 849 1914 de
888 1877 1054 1923 Hymnis
1092 1877 1326 1923 Homericis,
1355 1877 1541 1924 Hesiodo,
1573 1878 1703 1914 Calli-

292 1934 442 1976 macho,
473 1933 679 1979 Apollonio
710 1933 885 1978 Rhodio,
917 1933 1090 1979 Orpheo:
1132 1937 1212 1968 tum
1241 1933 1282 1969 in
1313 1942 1425 1979 novo,
1456 1934 1504 1969 de
1533 1933 1705 1983 Eumeli,

293 1988 515 2035 Phanuelis,
547 1988 893 2036 Hermesianactis‚
916 1988 1106 2024 Varronis
1125 1985 1377 2036 Attacini,**)
1399 1988 1602 2035 reliquiis:
1633 1999 1708 2026 non

293 2045 418 2081 solum
458 2045 508 2080 de
547 2045 793 2093 singulorum
823 2046 1006 2081 locorum
1044 2044 1259 2091 scriptura,
1299 2045 1368 2081 sed
1408 2045 1457 2081 de
1497 2045 1707 2082 carminum

292 2101 538 2148 auctoritate,
574 2105 854 2147 auctorumque
893 2101 1122 2146 antiquitate
1162 2104 1198 2136 et
1237 2101 1328 2149 fide,
1360 2100 1446 2137 sive
1476 2101 1709 2138 emendandi

294 2157 496 2203 felicitate,
527 2157 614 2193 sive
643 2157 867 2203 disputandi
899 2156 1139 2192 subtilitate:
1171 2156 1258 2192 sive
1288 2167 1339 2192 ex
1369 2156 1522 2205 ingenii
1553 2157 1708 2194 veloci·-

294 2217 373 2249 tate
412 2216 450 2249 et
489 2213 681 2265 acumine,
720 2214 806 2249 sive
843 2223 893 2249 ex
931 2212 1133 2248 doctrinae
1183 2213 1371 2249 facultate
1409 2213 1629 2258 exquisitae
1667 2216 1708 2249 et

292 2269 529 2316 reconditae,
568 2269 655 2305 sive
693 2280 743 2305 ex
780 2268 925 2305 abditis
969 2267 1200 2304 ineditorum
1238 2268 1445 2314 librorum,
1492 2268 1530 2303 in
1570 2268 1707 2314 primis

295 2325 663 2367 Grammaticorum,
702 2325 939 2361 recessibus.
1019 2325 1125 2368 Quae
1165 2324 1293 2361 omnia
1329 2323 1493 2360 infinitis
1531 2323 1706 2370 partibus

294 2380 472 2416 uberiora
500 2391 600 2425 esse,
621 2391 734 2426 quam
764 2385 807 2417 ut
838 2382 910 2417 hoc
947 2381 1033 2416 loco
1072 2391 1095 2414 a
1125 2380 1238 2416 nobis
1267 2379 1555 2427 significentur,
1585 2379 1707 2416 facile

293 2441 353 2471 est
385 2437 430 2472 ad
463 2437 741 2483 suspicandum
771 2436 835 2481 iis,
867 2436 933 2482 qui
963 2436 1196 2472 acerrimum
1227 2436 1324 2472 illud
1354 2435 1580 2472 Ruhnkenii
1611 2439 1703 2471 stu-

294 2493 411 2533 dium.v
443 2503 527 2529 cum
552 2493 636 2539 pari
660 2493 821 2541 ingenio
851 2493 1104 2538 doctrinaque
1133 2492 1397 2539 coniunctum⁷
1425 2496 1705 2540 cognoverunt.

292 2637 321 2671 ·)
349 2635 386 2665 lu
414 2636 541 2676 Elogio
567 2646 596 2677 p.
623 2638 676 2669 65.
705 2638 805 2677 [Vol.
834 2638 856 2669 l.
885 2645 964 2678 pag.
990 2637 1071 2668 258.
1097 2636 1150 2666 ed.
1178 2644 1220 2666 m.
1250 2634 1342 2670 FB]

294 2690 339 2726 ’')
364 2691 479 2722 Scrib.
506 2691 667 2723 Atacini.
694 2693 816 2724 Horat.
841 2694 915 2723 Sat.
940 2690 1108 2732 1‚10,46.

466 2736 544 2767 Hoc
568 2739 665 2775 erat,
690 2739 843 2777 experto
867 2736 1023 2777 frustra
1061 2736 1226 2769 Varrone
1252 2734 1411 2767 Atacino
1435 2752 1476 2755 —

295 2781 353 2811 ubi
379 2782 425 2812 cf.
452 2781 632 2813 Heindorf.
660 2785 695 2812 et
720 2781 989 2814 Wuestemauu.
1023 2781 1094 2813 FB.
