1833 3237
673 222 951 264 „fflffl

219 340 267 376 R.
327 339 480 383 Audio,
519 343 559 374 te
597 348 760 386 magnos
801 346 1039 385 progressus
1081 338 1225 374 recisse
1263 338 1302 373 in
1333 336 1525 381 Historia,

107 396 273 444 eiusque
300 395 578 446 peritissimam
609 395 710 429 domi
744 395 886 429 hahere
915 394 1158 441 magistram.
1220 394 1261 431 P.
1293 396 1411 437 Sane,
1441 402 1524 440 gu-

106 451 304 488 bernatrix
336 457 468 486 nostra
507 461 656 486 omnem
689 450 899 486 Historiam
941 448 1069 485 novit:
1113 461 1185 485 nec
1225 450 1419 495 diffiteor,
1463 458 1523 483 me

106 518 154 542 ex
185 507 271 542 eius
301 508 548 542 institutione
577 506 735 541 multum
759 506 988 552 profecisse.
1047 507 1093 541 R.
1126 506 1225 548 Quid
1259 516 1354 553 ergo
1376 505 1524 540 didici-

105 560 190 598 sti?
221 573 346 598 narra.
406 565 446 598 P.
476 562 635 599 Omnem
671 563 893 597 Historiam.
953 563 1002 598 R.
1042 562 1142 605 Quid
1186 566 1243 596 est
1288 559 1412 597 omnis
1445 560 1523 596 ffi-

105 616 257 654 storia?
295 629 342 653 an
382 629 474 654 vero
511 618 702 665 magistra
739 622 778 653 te
819 617 953 653 docuit
993 627 1141 653 omnem
1175 618 1407 661 Historiam,
1451 627 1524 651 nee

105 679 232 710 tamen
263 674 355 720 quid
386 677 492 709 esset
524 675 648 709 omnis
680 671 883 710 Historia?
928 675 969 709 P.
998 675 1058 709 lta
1084 674 1199 717 fecit3
1232 684 1317 708 nam
1347 679 1404 708 est
1429 682 1521 717 per-

104 731 230 766 docta.
288 730 333 766 R.
367 731 452 766 Non
484 730 632 779 dubito,
664 730 755 775 quin
783 730 868 765 iure
899 740 982 764 eam
1003 731 1134 777 magni
1170 729 1316 764 facias:
1347 729 1414 764 sed
1447 723 1622 764 co-100

103 786 187 833 gita
217 791 360 831 tecum,
390 786 479 832 quid
504 787 577 821 hoc
606 787 670 830 sit,
700 786 824 820 omnis
845 786 1030 822 Historia.
1093 788 1130 822 P.
1163 785 1297 821 Omnis
1317 781 1522 821 Historia?

105 843 213 877 Haec
242 846 304 876 est
332 862 376 867 ——
417 852 465 876 ea
494 852 594 886 quae
622 842 661 876 in
692 841 804 876 libris
835 845 895 876 est
926 842 1087 886 prodita.
1147 842 1194 877 R.
1238 843 1296 877 Eu
1337 841 1406 876 tibi
1448 841 1523 875 hoc

103 897 188 932 loco
219 897 356 942 libros,
388 906 485 942 quos
517 897 653 942 habeo,
686 897 826 932 multos
857 896 904 931 de
938 898 1124 946 Historia,
1157 898 1414 942 Herodotum,
1448 895 1521 931 Li-

102 953 232 999 vium,
273 953 476 1000 Tacitum,
514 952 632 988 alios:
680 953 783 988 nosti
832 955 939 987 certe
982 952 1052 987 hos
1090 956 1285 988 auctores.
1345 954 1388 988 P.
1431 952 1521 987 Non

103 1010 209 1054 novi,
241 1009 308 1044 sed
343 1019 406 1044 res
424 1007 544 1053 'ipsas
576 1009 679 1044 novi.
740 1010 783 1044 R.
818 1008 965 1044 Credo:
996 1008 1063 1043 sed
1085 1013 1210 1043 tamen
1243 1008 1290 1042 ab
1320 1008 1389 1042 illa
1419 1006 1521 1042 omni

104 1065 300 1111 Historia,
332 1074 444 1109 quam
474 1069 610 1111 tenes,
642 1064 763 1108 primo
794 1065 1034 1109 excipiamus
1058 1065 1342 1100 Historicorum
1375 1063 1522 1109 cogni-

103 1121 266 1156 tionem:
299 1121 366 1155 sed
402 1122 569 1155 fortasse
601 1121 788 1166 magistra
827 1120 897 1156 tibi
939 1124 1005 1155 tua
1038 1121 1230 1163 narravit,
1274 1120 1361 1164 quis
1404 1119 1522 1153 tuerit

102 1178 313 1219 Homerus,
346 1177 566 1217 Hesiodus,
600 1176 721 1218 Plato,
751 1176 898 1221 aliique
931 1176 1156 1220 Philosophi
1188 1180 1224 1210 et
1259 1177 1413 1210 Poetae.
1476 1176 1518 1210 P.

100 1231 188 1267 Non
220 1236 335 1276 puto;
378 1241 485 1274 nam,
526 1231 559 1266 si
593 1237 813 1274 narrasset,
856 1232 1127 1266 meminissem.
1194 1232 1240 1266 R.
1279 1232 1388 1277 Ergo
1427 1230 1519 1265 item
1563 1264 1566 1267 ,

100 1287 148 1322 de
180 1287 252 1322 hac
282 1287 383 1322 omni
416 1287 600 1333 Historia,
631 1297 744 1332 quam
778 1287 894 1327 nosti,
925 1287 1167 1331 excipiamus
1185 1287 1393 1321 Historiam
1417 1287 1522 1321 Poe-

100 1348 224 1379 tarum
263 1347 302 1378 et
342 1344 677 1388 Philosophorum.
738 1345 776 1380 P.
809 1343 928 1379 Modo
968 1343 1070 1385 dixi,
1112 1353 1172 1377 me
1205 1353 1277 1377 non
1310 1343 1406 1384 ista,
1450 1341 1519 1377 sed

101 1409 165 1435 res
195 1399 316 1445 ipsas,
348 1399 552 1437 didicisse.
614 1401 658 1436 R.
688 1399 765 1435 Sed
796 1401 898 1447 isla,
939 1410 1040 1445 quae
1069 1404 1109 1434 tu
1142 1409 1284 1441 vocas,
1324 1404 1413 1434 suut
1446 1398 1520 1433 Ιιο-

100 1456 245 1491 mines:
280 1460 322 1491 tu
361 1466 456 1502 ergo
486 1467 639 1507 rerum,
679 1466 751 1491 non
782 1456 873 1491 item
905 1456 1098 1491 hominum
1130 1456 1392 1502 cognitionem
1427 1464 1521 1500 per-

101 1511 263 1557 cepisti:
294 1512 414 1547 veluti
442 1513 613 1547 didicisti
637 1514 768 1548 urbem
790 1513 948 1548 Romam
981 1522 1071 1547 esse
1102 1513 1309 1553 conditam,
1341 1511 1410 1546 sed
1445 1520 1518 1546 non

100 1568 192 1603 item
232 1578 254 1601 a
293 1569 433 1613 quibus
474 1569 706 1606 hominibus.
777 1570 820 1605 P.
863 1569 987 1604 Recte
1026 1578 1183 1612 mones,
1229 1567 1356 1603 recte!
1398 1568 1519 1603 Roma

101 1623 259 1659 condita
290 1628 350 1659 est
381 1635 403 1658 a
425 1625 588 1660 Romulo
620 1629 656 1659 et
681 1626 814 1669 Remo,
846 1625 1032 1659 fratribus
1051 1624 1234 1670 geminis,
1264 1623 1355 1658 filiis
1382 1623 1520 1658 Rheae

103 1678 267 1725 Sylviae
297 1685 335 1715 et
365 1679 523 1724 Martis,
556 1690 652 1725 quos
693 1690 831 1715 recens
864 1685 973 1715 natos
1005 1679 1190 1715 Amulius
1222 1689 1292 1714 rex
1323 1679 1519 1723 exposuit,

101 1736 169 1770 sed
203 1735 295 1780 lupa
327 1736 428 1770 tacte
458 1745 530 1771 suo
562 1737 736 1777 nutrivit,
768 1745 857 1770 mox
890 1741 1022 1781 pastor
1051 1735 1210 1770 sustulit
1241 1739 1278 1770 et
1320 1734 1519 1769 educavIt.

101 1810 151 1817 —-
183 1791 232 1827 R.
264 1792 344 1826 lam
375 1791 488 1835 satis,
519 1801 541 1826 o
572 1792 683 1835 bone,
714 1791 871 1833 dixisti,
917 1790 1020 1826 unde
1050 1791 1254 1837 intelligas
1285 1799 1411 1825 rerum
1444 1791 1519 1825 ho·-

98 1846 322 1892 minumque
351 1848 595 1883 coniunctam
627 1857 717 1882 esse
748 1846 979 1882 Historiam:
1018 1847 1085 1882 sed
1120 1856 1233 1881 narra
1263 1846 1439 1887 tandem,
1471 1846 1519 1880 de

99 1903 242 1946 quibus
273 1904 389 1939 rebus
421 1902 718 1948 hominibusque
749 1907 955 1948 praeterea
984 1903 1191 1938 didiceris:
1222 1903 1330 1937 verbi
1362 1912 1517 1947 caussa,

98 1958 147 1993 de
176 1958 302 2003 Sylla,
333 1959 421 2004 quis
453 1959 587 2008 fuerit,
617 1959 681 1993 dic
712 1959 818 1995 mihi.
864 1960 903 1993 P.
935 1960 1145 2002 Tyrannus
1176 1959 1336 1994 Romae.
1382 1958 1514 1995 R.An
1533 1954 1613 1991 101

100 2020 291 2058 tyrannus
330 2015 404 2049 fuit
445 2024 583 2049 nomen
625 2014 814 2059 quoddam
846 2016 1102 2060 magistratus
1144 2017 1181 2049 et
1213 2011 1412 2050 muneris?
1472 2015 1514 2050 P.

100 2069 269 2105 Nescio:
299 2075 405 2105 certe
435 2070 491 2105 ita
521 2070 629 2118 sylla
660 2070 697 2105 in
723 2071 896 2105 Historia
925 2070 1230 2116 cognominatur.
1292 2071 1341 2106 R.
1373 2070 1515 2106 Nonne

99 2124 284 2169 didicisti,
316 2135 401 2161 eum
425 2127 659 2161 Dictatorem
691 2127 831 2170 fuisse,
860 2130 899 2161 et
924 2136 1023 2171 quae
1053 2127 1170 2161 fuerit
1202 2127 1317 2162 huius
1349 2126 1515 2160 nominis

99 2181 350 2226 munerisque
378 2179 582 2228 potestas?
641 2184 685 2219 P.
729 2183 840 2218 Haud
873 2183 1073 2226 equidem,
1104 2182 1205 2226 quod
1237 2181 1402 2217 memini.
1461 2181 1511 2217 R.

98 2236 176 2272 Sed
210 2238 380 2273 fortasse
410 2239 601 2285 magistra
632 2238 930 2279 tibi-narravit,
969 2247 1069 2282 quae
1102 2238 1222 2272 fucrit
1255 2238 1314 2272 vis
1345 2241 1383 2272 et
1413 2237 1513 2272 ratio

95 2292 258 2328 aliorum
307 2294 406 2339 apud
448 2295 644 2330 Romanos
692 2294 1014 2340 magistratuum,
1056 2294 1306 2342 Quaestoris,
1350 2292 1514 2339 Aedilis,

100 2348 308 2396 Praetoris,
340 2347 535 2395 Consulis,
566 2351 775 2389 Censoris,
816 2349 978 2385 Tribuni
1010 2349 1156 2394 plebis,
1193 2354 1232 2385 et
1263 2349 1513 2394 reliquorum.

98 2405 139 2440 P.
171 2405 259 2441 Non
292 2406 486 2441 narravit:
530 2416 615 2440 nam
649 2406 744 2440 haec
776 2406 973 2449 difficilia,
1015 2416 1087 2441 nec
1116 2406 1207 2441 item
1239 2405 1412 2441 iucunda
1442 2416 1514 2442 co-

97 2461 212 2507 gnitu
235 2465 340 2505 sunt,
370 2472 416 2496 ac
436 2471 499 2496 res
532 2467 693 2508 gestae:
725 2466 762 2497 et
794 2462 951 2498 nimium
985 2462 1095 2497 nobis
1116 2462 1300 2507 temporis
1331 2462 1511 2506 explica-

98 2516 151 2551 tio
181 2517 334 2552 iilorum
365 2517 606 2553 abstulisset.
666 2519 713 2554 R.
744 2520 800 2554 De
832 2518 906 2553 hoc
938 2520 1107 2553 fortasse
1136 2518 1285 2554 rectius
1316 2518 1510 2554 iudicabis

98 2571 175 2606 alio
207 2576 396 2618 tempore:
439 2584 542 2608 nunc
572 2584 620 2609 ex
650 2575 752 2609 omni
782 2574 849 2609 illa
879 2574 1054 2609 Historia
1084 2584 1235 2620 rerum⁷
1267 2585 1362 2619 quas
1394 2575 1510 2619 nosti,

97 2636 210 2671 porro
265 2629 515 2665 detrahamus
567 2631 831 2677 cognitionem
886 2630 1185 2677 magistratuum
1230 2631 1509 2667 Romanorum.

99 2684 141 2718 P.
173 2683 229 2718 At
259 2693 328 2719 nos
359 2687 488 2732 magis
519 2685 809 2727 delectabamur
838 2686 952 2720 bellis
991 2689 1029 2720 et
1062 2686 1178 2720 factis
1210 2686 1509 2731 cognoscendis.

97 2739 146 2776 R.
179 2739 242 2774 An
273 2739 397 2786 igitur
426 2741 609 2777 audivisti
640 2743 688 2777 de
718 2741 970 2788 Carthagine,
1000 2742 1203 2789 gestisque
1234 2753 1320 2778 cum
1351 2754 1396 2778 ea
1422 2742 1509 2777 bel-

96 2791 177 2829 tis?
236 2796 277 2832 P.
312 2797 425 2841 Vero,
452 2797 607 2843 audivi3
639 2799 713 2834 tria
743 2799 844 2835 bella
864 2801 1031 2833 suerunt.
1077 2798 1124 2834 R.
1153 2799 1226 2835 Dic
1256 2799 1303 2834 de
1325 2797 1514 2844 secunde,
