1816 3233
642 225 686 232 -
755 203 833 244 137
881 226 944 273 ‘—

87 320 286 357 henderet.
346 320 394 355 Et
424 319 463 354 in
506 318 711 354 verborum
741 316 1030 361 dictionumque
1061 326 1134 352 usu
1163 327 1211 351 ac
1241 315 1393 352 delectu
1427 325 1499 351 non

89 378 206 413 facile
235 376 285 411 ad
316 378 491 411 senecae
523 376 690 410 aetatem
721 372 995 408 descendebat.
1049 372 1213 408 Memini
1245 382 1305 408 me
1335 371 1500 407 subinde

86 434 133 468 ab
175 443 220 468 eo
261 431 364 467 inter
401 430 727 466 confabulandum
759 428 989 474 dissentire,
1037 438 1110 463 non
1155 429 1251 463 adeo
1293 438 1342 464 ex
1382 427 1500 463 animi

85 489 280 524 sententia
311 490 348 522 ct
378 486 504 531 serio,
544 496 654 531 quam
698 484 875 520 discendi
906 494 1072 530 caussa,
1110 487 1152 519 ut
1180 495 1267 520 eum
1298 485 1499 520 lacessens

86 544 287 591 longiores
325 543 410 579 eius
448 543 496 578 de
536 543 608 578 hoc
652 542 881 588 argumento
923 549 1121 575 sermones
1163 541 1367 576 elicerem:
1413 550 1499 574 cum

86 600 277 645 dicerem,
327 599 468 635 Latine
514 597 710 633 scribendi
759 596 984 632 facultatem
1034 596 1145 631 nobis
1197 600 1375 632 constare
1424 606 1498 631 non

87 667 226 702 posse,
274 655 348 691 nisi
379 654 498 690 multa
538 665 560 689 e
591 656 768 690 Senecae
808 656 847 688 et
877 652 1092 698 posteriore
1122 653 1239 688 etiam
1270 655 1398 688 aetate
1428 663 1498 687 as-

84 706 306 764 sumamus,
347 711 534 757 quaedam
565 710 662 745 adeo
691 708 766 755 ipsi
797 719 898 744 nova
926 710 1132 756 fingamus,
1163 709 1226 743 vel
1256 709 1303 743 ad
1336 708 1499 744 Latinae

85 767 245 815 linguae
283 767 522 814 analogiam,
562 766 621 801 vel
653 766 703 801 ad
734 766 907 801 Graecae
946 764 1290 811 consuetudinem
1337 764 1499 809 eiusque
1518 768 1599 805 230

87 824 226 869 partim
265 823 485 859 sententiae
522 825 719 858 auctorem
759 821 953 860 laudarem
991 821 1189 856 Muretum
1239 820 1278 856 in
1320 819 1501 866 Epistola

86 881 115 925 1,
145 879 211 916 36.
245 882 285 914 et
314 878 480 926 egregia
510 878 578 913 illa
609 877 873 923 disputatione
901 876 1109 912 Van-iarum
1142 877 1368 912 Lectionum
1400 877 1497 926 XV,

84 935 121 970 1.
181 936 270 980 lpse
307 934 526 970 affirmabat
565 933 666 968 idem
706 933 804 977 quod
837 935 994 978 postea,
1036 933 1083 966 ad
1125 933 1228 967 hunc
1257 932 1405 968 Mureti
1435 932 1498 967 lo-

84 1001 184 1037 cum,
217 993 257 1027 et
286 990 325 1026 in
356 989 606 1025 Praefatione
636 988 686 1024 ad
716 988 802 1024 eius
832 984 1037 1038 opera,*)
1077 988 1257 1033 scripsit,
1299 988 1497 1024 Muretum

82 1047 207 1092 ipsum
239 1049 374 1083 contra
406 1045 636 1093 factitasse,
673 1044 750 1080 sibi
780 1044 888 1080 illum
917 1045 1045 1093 locum
1075 1047 1267 1089 tamquam
1300 1043 1497 1091 refugium

84 1113 264 1149 parasse,
302 1112 378 1147 quo
418 1112 462 1138 se
499 1105 699 1149 tueretur,
745 1101 780 1136 si
818 1100 908 1145 quid
950 1100 1026 1136 sibi
1064 1100 1271 1145 aliquando
1311 1098 1498 1135 scribenti

85 1158 211 1194 minus
242 1159 398 1203 probum
429 1157 665 1193 excidisset:
698 1167 746 1192 ex
777 1156 920 1202 optima
951 1155 1061 1192 nobis
1093 1159 1222 1192 aetate
1247 1156 1345 1191 satis
1375 1165 1498 1201 supe-

84 1224 193 1249 resse
231 1217 586 1258 monumentorum,
626 1212 728 1248 unde
767 1210 913 1248 nullius
957 1223 1032 1247 non
1072 1212 1129 1247 rei
1168 1212 1498 1258 cogitationisque

83 1270 364 1317 significandae
414 1269 624 1305 dictionem
666 1268 1015 1313 auctoritatemque
1072 1270 1305 1313 repetamus.
1377 1266 1498 1302 Recte

86 1326 202 1361 etiam
239 1325 440 1362 iudicabat
470 1325 633 1361 Latinae
663 1324 844 1371 Linguae
876 1324 976 1361 haud
1008 1324 1191 1371 exiguam
1223 1326 1385 1375 partem,
1423 1323 1498 1357 ad·-

85 1382 162 1418 huc
197 1382 436 1430 ignoratam,
477 1391 499 1417 e
538 1380 752 1416 Glossariis
782 1379 952 1426 antiquis
989 1379 1248 1415 bibliothecae
1279 1378 1500 1426 Lugduno-

81 1439 246 1474 batavae
284 1437 436 1474 restitui
468 1447 598 1483 posse.
667 1436 774 1477 Quod
823 1437 870 1472 ab
919 1446 964 1471 eo
1003 1436 1188 1471 iudicium
1228 1435 1418 1481 proditum
1459 1434 1499 1471 in

83 1495 325 1540 praefatione
371 1494 417 1529 ad
457 1492 695 1539 Appuleium
744 1502 883 1528 censor
931 1492 1226 1540 Goettingensis
1267 1502 1381 1537 quum
1424 1501 1497 1527 non

82 1550 180 1586 satis
210 1553 390 1602 caperet,
427 1549 686 1597 ignorantiam
726 1559 834 1584 suam
875 1548 1125 1584 cavillatione
1152 1543 1496 1591 dissimulavit.**)

83 1606 161 1643 Sed
193 1607 268 1642 hac
297 1606 345 1642 de
374 1616 417 1641 re
447 1608 623 1641 statuere
654 1615 728 1640 non
760 1607 822 1640 est
852 1604 968 1639 huius
998 1605 1097 1640 loci:
1130 1607 1167 1639 et
1198 1614 1310 1640 suum
1342 1603 1498 1654 cuique,

20 1703 26 1709 ,
83 1665 123 1698 et
154 1663 265 1699 nobis
296 1665 492 1709 nostrum,
533 1661 788 1706 relinquimus
819 1659 1019 1695 iudicium.
1077 1659 1189 1695 Illud-
1208 1669 1341 1695 omnes
1372 1659 1497 1695 confi-

83 1719 154 1753 teri
186 1722 354 1764 oportet:
385 1717 627 1761 Ruhnkenii,
658 1716 722 1762 qui
755 1719 831 1751 tam
861 1726 1002 1751 severo
1032 1725 1152 1751 censu
1171 1716 1373 1751 civitatem
1400 1724 1497 1760 pur-

82 1777 219 1822 gasset
260 1777 299 1810 et
344 1774 390 1809 ad
429 1774 634 1809 verborum
677 1771 909 1818 paucitatem
956 1771 1204 1822 redegisset,
1252 1781 1373 1816 seque
1412 1771 1498 1823 ipse

85 1834 162 1865 tam
209 1830 330 1866 arctis
376 1828 601 1865 Latinitatis
648 1828 790 1864 finibus
835 1828 1232 1878 circumscripsisset,
1285 1829 1323 1862 et
1369 1829 1495 1862 tamen

83 1886 205 1922 multa
233 1885 456 1933 scripserit,
495 1888 534 1920 et
564 1894 669 1930 pure·
692 1884 867 1928 beneque
897 1884 1095 1919 scribendi
1125 1884 1258 1919 officio
1288 1883 1342 1918 ita
1372 1882 1496 1918 satis-

82 1942 249 1992 fecerit,
290 1945 334 1977 ut
363 1951 496 1977 omnes
524 1940 764 1976 recentiores
805 1940 881 1974 hac
917 1939 1033 1974 laude
1071 1939 1338 1984 superaverit:
1379 1938 1496 1974 huius

83 1998 207 2046 igitur
244 1997 412 2034 hominis
449 1996 677 2044 scientiam,
717 1995 936 2039 solertiam,
976 1995 1224 2041 facultatem,
1257 1994 1496 2041 singularem

84 2058 122 2090 et
164 2055 249 2090 fere
278 2052 545 2089 incredibilem
586 2051 720 2086 fuisse.
780 2051 920 2095 Neque
950 2059 1042 2085 vero
1081 2061 1176 2085 suae
1206 2051 1394 2085 orationis
1428 2051 1494 2084 ha-
1510 2050 1590 2086 231

86 2111 207 2146 bitum
248 2112 287 2145 et
314 2110 556 2144 'structuram
607 2107 655 2141 ad
693 2107 880 2141 Veterum
919 2107 1034 2141 unius
1073 2107 1239 2141 alicuius
1280 2106 1498 2150 exemplum

84 2165 216 2201 dedita
257 2175 374 2211 opera
405 2163 674 2199 conformavit.
744 2162 839 2198 Cum
889 2162 1014 2207 ipsius
1057 2165 1213 2208 natura,
1255 2165 1335 2199 tum
1366 2161 1498 2206 optimi

83 2221 274 2267 cuiusque
302 2220 530 2256 Latinorum
562 2220 875 2263 Graecorumque
905 2217 1073 2254 lectione
1109 2219 1290 2253 effectum
1332 2220 1417 2259 est,
1458 2221 1499 2253 ut

1475 2319 1490 2326 ι

86 2356 116 2413 ’·)
140 2377 223 2416 Pag.
248 2376 304 2406 [Υ.
329 2376 426 2413 [XX.
452 2374 507 2407 ed.
533 2376 660 2409 meae.)
709 2373 781 2404 ΕΒ.

84 2430 130 2468 ⁸⁸)
156 2431 329 2462 Iudicium
362 2430 447 2461 illud
467 2431 526 2469 qui
553 2432 649 2460 recte
680 2430 883 2468 intelligere
909 2429 1004 2468 vult,
1039 2428 1201 2459 conferat:
1225 2428 1427 2467 Scioppium
1462 2430 1496 2459 in

130 2478 306 2515 suspectt.
334 2477 428 2506 lectt.
469 2475 510 2510 V,
539 2474 572 2504 ’7.
599 2476 655 2513 qui
687 2476 757 2504 sic:
790 2474 926 2514 optasti
950 2482 1058 2513 saepe
1090 2481 1224 2504 mecum
1247 2473 1420 2514 pariter,
1456 2475 1498 2505 ut

96 2525 98 2527 '
130 2522 217 2561 quot
247 2529 401 2561 usquam
427 2521 462 2550 in
495 2518 718 2550 bibliothecis
743 2519 940 2549 doctorum
972 2518 1141 2549 virorum
1166 2520 1315 2549 emt-tant
1338 2519 1496 2550 nondum

129 2565 170 2595 in
199 2564 385 2605 publicum
418 2565 516 2595 edita
545 2566 708 2595 veterum
742 2563 1082 2594 Grammaticorum
1105 2564 1290 2602 ylossaricc
1303 2585 1315 2603 ,
1337 2564 1431 2603 quod
1455 2564 1497 2594 tu

132 2611 204 2644 scis
224 2612 353 2642 ewtare
377 2611 573 2641 etiamnum
592 2608 798 2648 compluria
806 2630 818 2649 ,
844 2617 885 2638 ea
911 2616 955 2638 ne
980 2608 1125 2638 diutius
1150 2607 1239 2637 bono
1262 2607 1407 2647 publico
1431 2609 1491 2638 in-

132 2654 360 2685 ciderentur:
419 2654 522 2685 Vides
549 2655 641 2684 enim
663 2652 776 2693 facile
801 2661 869 2693 pro
894 2653 1104 2683 sinceritate
1129 2651 1253 2682 iudicia·
1281 2652 1336 2683 tm·
1349 2673 1363 2693 ,
1388 2662 1497 2693 quam

131 2698 245 2730 multa
273 2698 447 2730 hactenus
480 2700 655 2739 iynvrataeo
685 2698 796 2738 plane
821 2696 996 2727 voeabula
1024 2697 1283 2727 ‹affut-antibus
1318 2696 1497 2729 hominum

130 2744 397 2783 inqem'osorum
443 2744 637 2784 sayna-‘ibus
682 2742 901 2774 coniecturis
942 2742 976 2771 ἱιι
1016 2741 1201 2771 casitatem
1247 2741 1496 2773 Romanorum

92 2787 101 2791 '
134 2788 239 2827 quasi
262 2789 484 2827 postliminio
508 2787 636 2820 reduci
659 2787 811 2827 possim.
868 2786 1150 2816 LlNDEMANN.
