1816 3233
838 219 1147 262 -218—

285 330 553 372 Oudendorpius
592 330 750 372 (Fi-ane.)
788 333 1015 365 historiarum
1052 335 1089 364 et
1123 334 1342 374 eloquentiae
1375 335 1468 366 Prof.
1506 337 1612 376 Lugd.
1644 337 1701 369 20.

351 378 490 415 collega
515 377 776 407 Hemsterhusii
798 377 856 409 45.
888 381 1037 410 moritur
1061 380 1162 419 eique
1187 379 1347 410 succedit
1370 376 1518 413 munniz:
1534 382 1591 413 89.
1623 384 1703 413 eius

351 422 461 452 editio
485 422 651 452 Frontini
676 419 754 451 173.
779 424 942 463 Appuleii
966 423 1044 454 192.
1069 431 1122 464 sq.

285 466 449 498 Ovidius·
491 467 626 498 dictata
660 467 798 498 Ruhnk.
836 469 872 499 in
909 468 1026 500 Ovidii
1066 468 1242 500 Heroides
1280 468 1389 499 edidit
1422 469 1699 503 Friedemannus

348 509 430 542 110.
454 510 541 542 adn.

280 556 481 594 Pamphilus
505 556 742 590 Terentianus
765 557 821 588 29.

279 601 420 639 Parady
422 603 496 631 sius
520 602 557 631 in
582 605 661 633 arte
684 601 821 634 medica
845 603 1053 643 praeclarus
1078 604 1115 635 et
1137 611 1159 635 a
1181 602 1322 636 Ruhnk.
1346 604 1465 644 magni
1490 603 1604 635 factus
1622 604 1698 636 189.

278 646 409 676 Paulus
436 646 628 677 'farsensis
652 646 729 678 220.

279 690 448 729 Pauperis
473 694 527 721 est
552 700 742 723 numerare
768 699 876 730 pecus
900 692 980 723 237.

280 735 555 775 peregrinitatis
579 738 713 768 crimen
739 737 793 768 93.

278 778 494 812 Perizonius
511 780 589 811 133.
607 783 683 812 eius
697 780 895 820 exemplum
908 782 943 812 in
962 781 1134 813 tradenda
1151 781 1302 814 historia
1316 783 1477 824 sequitur
1488 783 1628 814 Ruhnk.
1643 784 1697 815 95.

278 824 453 856 Pestelius
478 824 556 856 215.
580 826 666 856 ctdn.

277 869 419 901 Phidiae
443 872 580 910 signum
605 871 661 902 42.

277 914 491 946 Philemonis
517 923 643 947 versus
667 917 724 947 88.
751 915 838 947 adn.

277 959 478 999 Philosophi
503 969 524 991 a
549 960 695 992 Criticis
719 962 753 990 in
781 969 950 992 canonem
978 962 1114 1002 recepti
1138 960 1215 992 146.

277 1003 528 1045 Philosophiae
559 1007 713 1037 studium
746 1004 799 1036 16.
838 1007 1057 1065 philosophia
1091 1006 1295 1038 Cartesiana
1332 1008 1368 1038 et
1401 1007 1580 1039 Wolfiaua
1615 1005 1694 1039 111.

344 1049 521 1080 Kantiaua
544 1049 622 1083 112

276 1093 439 1125 Phoiius:
464 1096 666 1126 Ruhnkenii
690 1096 873 1128 inventum
897 1095 988 1136 apud
1014 1094 1176 1127 Photium
1202 1096 1238 1127 in
1262 1095 1525 1136 Agatharchide
1549 1095 1626 1127 128.

274 1138 368 1178 Phr)
374 1141 512 1171 nichus:
536 1140 609 1170 vid.
636 1142 747 1171 Hana.

276 1183 377 1214 Piers
363 1192 469 1215 onus
493 1185 551 1215 45.
576 1185 653 1216 224.
687 1185 858 1217 Moeridis
882 1186 1072 1217 Atticistae
1096 1185 1212 1216 editor
1234 1185 1289 1216 53.
1315 1183 1363 1224 cf.
1387 1184 1466 1215 232.

275 1228 505 1260 musci-inum
533 1231 691 1261 Lexlcon
716 1231 796 1262 Lat.
819 1230 898 1262 205.

275 1273 375 1304 Plato
415 1275 700 1314 philosophorum
731 1276 819 1306 deus
850 1279 934 1306 ante
959 1275 1146 1306 Ruhnken.
1182 1276 1296 1306 minus
1321 1275 1412 1306 bene
1435 1277 1611 1307 tractatus
1634 1275 1690 1306 48.

344 1320 377 1349 in
404 1320 582 1359 'lrilogias
611 1320 817 1351 distributus
848 1321 893 1351 ab
918 1321 1157 1360 Aristophane
1183 1321 1358 1359 Byzantio
1390 1318 1467 1352 145.
1492 1320 1578 1351 adn.
1616 1323 1692 1352 eius

342 1364 472 1394 dictum
498 1365 541 1394 de
563 1373 686 1396 amore
711 1364 788 1395 121.
814 1364 1084 1406 Timaeus149.
1119 1365 1186 1396 loci
1211 1365 1379 1404 explicati
1403 1363 1479 1396 121.
1508 1364 1586 1395 218.
1610 1366 1688 1396 235.

341 1409 577 1440 anacoluthon
602 1409 683 1442 208.
709 1410 794 1440 adn.
833 1411 971 1442 Scholia
1002 1412 1036 1441 in
1071 1410 1250 1440 Platonem
1277 1418 1297 1440 a
1320 1410 1463 1441 Ruhnk.
1496 1411 1588 1442 edita
1612 1408 1689 1441 162.

344 1454 439 1491 επις.
465 1452 541 1484 186.
566 1461 619 1494 sq.
644 1453 692 1494 cf.
716 1454 794 1486 204.
818 1455 896 1486 276.
921 1455 999 1486 278.
1043 1454 1118 1485 Via.
1143 1455 1254 1486 etiam
1277 1455 1487 1494 Xenophon.

273 1497 414 1528 Planius
441 1498 515 1530 189.
541 1499 626 1529 adn.

272 1541 437 1573 Plaralis
460 1543 604 1583 eleyam·
626 1544 805 1584 quaedam
827 1544 927 1575 ratio
951 1542 1005 1575 61.
1031 1544 1117 1575 adn.

275 1588 481 1619 Plutarchus
506 1588 585 1620 102.
611 1589 697 1620 adn.
722 1589 800 1621 176.
825 1589 910 1620 adn.
935 1588 1013 1620 241.
1039 1589 1120 1620 249.
1145 1588 1231 1620 αᾱη.
1271 1588 1349 1620 Vid.
1374 1588 1630 1629 Wyttenbach.

272 1632 405 1664 Poetae
432 1635 586 1673 heroici,
610 1635 771 1672 iambici,
798 1635 966 1674 elegiaci,
998 1635 1124 1674 lyrici,
1156 1635 1307 1675 tragici,
1334 1635 1481 1673 comici,
1513 1636 1549 1665 in
1575 1634 1689 1666 Criti-

340 1687 460 1709 corum
498 1688 670 1711 canonem
710 1681 813 1711 relati
849 1680 928 1711 145.
968 1684 1094 1719 poetae
1134 1681 1268 1711 veteris
1300 1680 1344 1711 de
1374 1679 1524 1711 Hercule
1559 1679 1688 1711 dictum

339 1724 429 1762 apud
456 1724 633 1756 Plutarch.
656 1725 734 1756 249.
768 1724 842 1756 rid.
868 1726 1080 1763 scriptores.

269 1768 471 1800 Pontedera
495 1769 593 1810 (lul.)
618 1771 742 1801 doctus
768 1770 879 1801 italus
904 1772 1049 1811 eiusque
1074 1777 1153 1802 cum
1173 1769 1336 1802 Gesnero
1362 1771 1610 1802 commercium
1631 1767 1685 1799 84.

267 1813 448 1844 Porsonus
471 1814 549 1844 232.

268 1856 424 1888 Praeter
447 1858 541 1888 alios
562 1858 640 1890 209.
666 1859 751 1889 adu.

270 1903 416 1934 Procius
441 1902 517 1933 145.
543 1903 629 1934 adn.

269 1948 522 1986 Progrediuudi
547 1951 581 1979 iu
607 1949 767 1988 legendis
791 1949 1025 1988 scriptoribus
1050 1950 1151 1979 recta
1174 1949 1265 1979 ratio
1290 1947 1345 1978 36.

267 1991 461 2024 Proverbia
486 1996 521 2024 et
545 1994 792 2032 proverbiales
816 1994 1009 2024 dictiones:
1045 1991 1145 2024 Aera
1173 1992 1349 2033 quantum
1383 1991 1521 2023 distant
1551 1992 1688 2031 lupinis

334 2036 413 2068 110.
440 2039 521 2068 adn.
544 2039 648 2068 canis
672 2046 689 2068 e
713 2036 797 2068 Nilo
823 2037 909 2068 bibit
932 2039 987 2068 37.
1012 2038 1091 2069 adn.
1124 2037 1316 2068 daramium
1337 2036 1433 2077 facti
1455 2036 1586 2068 habere
1606 2037 1684 2069 234.

334 2083 413 2113 adn.
436 2081 602 2122 fratrum
623 2083 752 2122 ‚araim
773 2091 869 2113 rara
892 2084 943 2113 est
968 2082 1045 2114 118.
1076 2083 1114 2113 in
1138 2084 1278 2114 cineres
1299 2081 1401 2113 abire
1424 2081 1502 2114 132.
1532 2083 1573 2113 in
1595 2090 1684 2113 ocu-

335 2127 382 2158 lis
413 2128 546 2158 civium
577 2127 743 2158 habitare
765 2129 820 2158 83.
859 2128 932 2158 iter
961 2128 1062 2159 caeci
1092 2129 1145 2160 93.
1183 2128 1389 2159 laureolam
1423 2128 1463 2158 in
1501 2128 1685 2159 mustaceo

333 2180 510 2212 quaerere
532 2173 612 2204 247.
639 2174 716 2204 adn.
748 2173 801 2203 nil
822 2171 967 2212 profuit
988 2173 1108 2211 pietas
1133 2173 1209 2203 173.
1232 2175 1311 2205 adn.
1343 2173 1476 2203 nodum
1498 2173 1538 2203 in
1559 2173 1685 2211 scirpo

334 2225 510 2257 quaerere
534 2219 588 2248 36.
614 2219 692 2249 adn.
732 2225 841 2258 qnam
873 2219 1021 2258 «peiusve
1050 2217 1150 2248 norit
1173 2219 1310 2260 artem,
1342 2219 1381 2248 in
1409 2217 1478 2248 hac
1507 2226 1545 2248 se
1574 2225 1683 2248 ewer-

335 2263 416 2292 ceat
438 2263 515 2293 213.
550 2263 629 2293 adn.
668 2262 783 2293 Sardi
812 2263 975 2305 venales,
1010 2263 1106 2293 alias
1136 2263 1211 2293 alio
1240 2264 1394 2304 nequior
1425 2261 1503 2293 221.
1541 2270 1683 2293 summa

333 2308 416 2338 imis
438 2308 588 2338 miscere
611 2311 645 2340 8.
675 2309 798 2339 surdis
818 2307 985 2349 fabulam
1008 2316 1170 2339 narrare
1193 2310 1246 2340 66.
1273 2311 1350 2340 adn.
1392 2308 1585 2348 utramque
1606 2315 1680 2347 pa-

331 2360 456 2391 ιιγιηαηι
476 2351 604 2392 facere
628 2355 685 2385 55.
712 2354 792 2385 adn.

265 2396 468 2428 Pulcritudo
494 2399 629 2428 formae
655 2402 820 2438 quantum
849 2399 965 2430 sale-it
987 2398 1042 2429 30.

267 2441 523 2479 Quinctilianus
548 2444 740 2483 spaldingii
768 2443 841 2474 194.
868 2444 935 2475 loci
960 2444 1124 2481 Quinctil.
1149 2434 1366 2483 explicantur
1392 2443 1468 2475 145.
1493 2442 1578 2473 adn.
1603 2444 1682 2473 eius

334 2487 432 2518 locus
457 2488 621 2518 laudatur
641 2488 713 2518 132.
729 2488 814 2519 adn.
841 2486 1067 2526 Quiiiciili·mi
1092 2490 1252 2520 iudicium
1272 2489 1315 2520 de
1329 2489 1502 2520 Cicerone
1516 2488 1570 2517 33.
1587 2487 1681 2517 eaetr.

265 2531 428 2562 Rationis
462 2537 496 2563 et
527 2534 656 2573 ingenii
690 2534 879 2564 facultate.
911 2533 988 2564 217.
1027 2537 1117 2565 ratio
1155 2535 1326 2575 quaedam
1357 2535 1524 2566 salutaris
1558 2532 1681 2563 literas

333 2576 485 2608 docendi
509 2579 544 2608 in
568 2579 667 2609 acad.
695 2579 802 2619 Lugd.
828 2579 884 2609 78.
910 2579 994 2609 adn.

265 2621 441 2652 Rectores
467 2622 744 2662 Gymnasioruin
773 2625 862 2662 apud
890 2625 1037 2654 Batavos
1061 2624 1117 2654 63.

265 2665 431 2696 Reiskius
465 2668 708 2699 Ruhnkeniuin
744 2669 1088 2708 Valckenariumque
1132 2670 1219 2700 duos
1261 2668 1522 2700 Hemsterhusii
1556 2670 1680 2701 simios

332 2712 477 2740 vocavit
501 2712 579 2743 250.

267 2753 556 2794 Repraesentare
578 2757 723 2789 ratione
745 2757 964 2788 medicinam
988 2757 1161 2797 temporis
1184 2757 1217 2788 4.
1243 2758 1323 2788 adn.
1427 2787 1430 2789 ,

264 2800 423 2832 Riiterus
455 2800 522 2840 (10.
550 2801 654 2841 Dan.)
689 2804 992 2843 wittehergensis
1026 2803 1122 2834 Prof.
1160 2804 1310 2844 insignis
1345 2802 1401 2834 13.
1431 2811 1507 2844 sqq.
1551 2812 1676 2836 munus
