1833 3237
626 187 960 226 ...Ἠ-

84 303 319 338 Graecarum
347 301 410 336 vel
442 300 689 346 Latinarum,
734 300 953 335 Literni-um
993 301 1215 337 cathedram
1245 302 1390 340 dudum
1423 304 1497 341 de-

85 358 319 392 stinaverat:
349 358 417 392 sed
449 357 487 392 in
521 360 657 392 neutra
686 355 900 391 succedere
924 357 1075 400 poterat
1096 357 1370 406 Ruhnkenius,
1409 371 1496 396 ma-

86 413 280 456 nentibus,
312 413 377 458 qui
399 423 466 448 eas
491 413 685 456 tenebant,
716 411 800 461 ipso
820 412 1117 448 Hemsterhusio
1147 416 1186 448 et
1207 414 1495 462 Oudendorpio.

86 470 208 504 Erant
246 469 323 503 alia
362 469 453 503 item
498 467 654 513 publica
692 467 858 502 docendi
901 477 1087 515 munera,
1125 479 1223 513 quae
1253 471 1491 508 Ruhnkenio

88 524 254 560 subinde
285 526 526 559 offerrentur.
570 523 717 559 Puerili
747 523 869 558 aetati
899 523 1049 558 Latinis
1082 525 1319 571 Graecisque
1349 528 1496 566 Literis

86 579 317 615 imbuendae
338 588 592 624 unaquaeque
608 580 701 623 sere,
734 578 847 624 paulo
871 582 977 614 certe
995 579 1249 627 frequentior,
1271 582 1310 617 in
1333 583 1496 619 Batavis
1507 576 1561 613 63

84 636 178 670 urbs
211 635 325 670 habet
355 635 624 682 gymnasium,
666 634 838 670 scholam
870 635 1046 669 Latinam
1079 635 1197 682 vulgo
1229 640 1389 685 vocant,
1430 639 1495 675 cui

84 693 238 735 praeest
268 691 424 736 Rector,
456 691 528 726 sub
559 700 683 736 eoque
713 690 937 735 Conreetor,
969 690 1194 736 plerumque
1225 692 1342 728 etiam
1367 695 1495 730 Prae-

87 749 219 790 ceptor
239 755 285 780 ac
303 745 437 791 plures
466 747 562 781 adeo
589 745 769 784 subinde.
828 745 958 781 Multa
978 748 1070 781 sunt
1089 747 1301 783 Rectorum
1320 759 1494 794 munera,

85 811 185 845 quae
215 801 472 837 luculentiore
502 801 632 837 reditu
662 803 844 837 fruantur
870 801 1068 846 plerisque
1097 802 1346 839 Academicis
1377 804 1493 841 Lite-

84 866 212 892 rarum
251 856 466 892 cathedris:
508 857 577 892 sed
617 858 761 892 habent
791 856 1011 891 adiunctam
1038 858 1315 894 necessitatem
1346 860 1496 906 recipi-

84 911 270 947 unitorum
301 911 340 947 in
372 911 666 947 contubernium
698 914 737 947 et
765 911 985 947 convictum
1015 912 1318 960 discipulorum,
1363 926 1494 952 eorum

83 967 237 1013 quidem
277 967 342 1012 qui
377 967 536 1003 statutis
579 967 865 1003 conditionibus
905 967 961 1002 uti
1002 967 1153 1013 velint3
1192 969 1295 1004 unde
1335 970 1495 1006 Rectori

82 1023 162 1058 alia
199 1023 357 1058 exsistit.
397 1024 640 1070 necessitas,
693 1022 947 1069 matrimonii,
992 1023 1056 1058 vel
1096 1026 1202 1058 certe
1241 1024 1495 1062 instruendae

80 1079 321 1124 alendaeque
352 1079 536 1116 familiae.
596 1080 855 1115 Conrectores
876 1088 923 1113 ac
947 1080 1227 1124 praeceptores
1251 1080 1378 1116 minus
1401 1081 1494 1126 qui-

80 1134 165 1170 dem
198 1138 434 1180 quaestuosa
473 1136 563 1177 sunt
593 1134 828 1180 conditione,
859 1136 899 1169 at
929 1144 1006 1169 non
1037 1135 1212 1171 obstricti
1242 1136 1322 1171 illis
1347 1147 1494 1172 neces-

79 1190 263 1226 sitatibus
294 1190 519 1225 solutiorem
553 1190 695 1226 habent
725 1190 774 1225 ad
806 1190 883 1225 alia
913 1191 1072 1236 negotia
1101 1192 1305 1238 rationem,
1338 1195 1376 1227 et
1407 1193 1492 1237 plus

81 1246 152 1281 otii
182 1245 230 1280 ad
261 1255 334 1280 sua
364 1245 441 1281 sibi
470 1245 690 1281 Literarum
723 1245 855 1281 studia
885 1245 1059 1280 colenda.
1118 1247 1225 1281 Sane
1254 1247 1494 1283 scholastica

80 1301 148 1337 illa
178 1301 409 1349 magisteria
439 1302 582 1337 futuris
613 1301 725 1337 etiam
746 1301 1041 1337 professoribus
1072 1311 1159 1336 cuin
1177 1302 1491 1339 honestissimam

81 1357 337 1403 exspectandi
367 1358 589 1402 stationem,
623 1361 699 1393 tum
730 1358 911 1393 idoneum
942 1357 1174 1394 instituendi
1205 1358 1424 1395 tirocinium
1453 1362 1493 1396 et

77 1413 278 1461 praebent,
298 1416 336 1450 et
355 1424 474 1460 saepe
499 1415 771 1460 praebuerunt.
817 1412 1048 1450 Huiusmodi
1072 1413 1126 1449 nil
1153 1414 1331 1459 placebat
1346 1414 1492 1452 Ruhn-

79 1466 258 1515 kenio.*)
316 1470 499 1506 Placebat
539 1471 688 1515 adhuc,
731 1474 772 1506 ut
813 1473 952 1514 antea,
997 1470 1214 1516 singularis
1244 1472 1493 1516 praefectura

79 1525 341 1561 adolescentis
383 1536 546 1571 quocum
588 1526 773 1573 Lugduni
814 1529 881 1561 aut
922 1525 961 1561 in
997 1526 1145 1561 vicinia
1187 1527 1371 1574 degeret3
1416 1537 1491 1572 quo

77 1581 259 1617 maiorem
322 1582 491 1617 adeundi
546 1581 830 1618 Hemsterhusii
885 1582 947 1617 sui
997 1582 1292 1627 facilioremque
1338 1583 1492 1626 *copiam

77 1637 253 1673 liaberet.
312 1638 547 1683 Praeterea,
597 1633 672 1682 qno
712 1637 837 1672 minus
878 1647 922 1671 se
951 1637 1084 1672 stabili
1115 1638 1265 1672 muneri
1295 1637 1492 1684 alligaret,

79 1693 178 1729 haec
207 1692 322 1728 etiam
354 1693 566 1728 accedebat
597 1703 754 1739 caussa,
785 1692 884 1738 quod
915 1691 1184 1728 mira‘dudum
1216 1693 1494 1740 peregrinandi

79 1748 274 1794 cupiditas
305 1758 391 1783 eum
422 1751 580 1794 ceperat
609 1748 975 1792 lustrandarumque
1017 1748 1273 1783 celebriorum
1308 1759 1375 1793 per
1404 1750 1493 1784 Eu·-

80 1814 212 1850 ropam
258 1803 599 1851 bibliothecarum,
653 1803 757 1838 unde
797 1803 999 1838 codicibus
1040 1813 1175 1848 parum
1214 1803 1383 1850 cognitis
1425 1807 1493 1839 aut

79 1861 244 1896 nondum
278 1859 407 1905 editis,
437 1860 474 1895 in
507 1860 631 1895 lucem
663 1858 935 1905 protrahendis
967 1858 1121 1894 Literas
1150 1859 1418 1904 locupletaret.
1503 1870 1556 1906 (54

189 1917 269 1952 Iam
300 1916 405 1951 edito
435 1916 609 1961 Timaeo,
640 1915 847 1960 impatiens
871 1924 1013 1961 morae,
1049 1914 1235 1959 propositi
1259 1915 1373 1951 huius
1397 1925 1490 1961 per-

78 1971 236 2008 ficiendi
275 1976 425 2016 tempus
464 1980 577 2016 porro
616 1970 773 2004 differre
804 1968 942 2005 noluit.
1003 1969 1131 2016 Igitur
1169 1970 1346 2015 proximo
1376 1981 1487 2014 anno,

81 2023 323 2073 (1755.]**)
376 2026 575 2066 Lutetiam
607 2025 844 2061 Parisiorum
877 2024 1075 2070 profectus
1114 2027 1189 2062 est.
1248 2027 1358 2062 Haec
1388 2027 1488 2065 enim

78 2082 231 2118 urbium
262 2092 312 2117 ex
342 2092 386 2117 eo
418 2090 567 2129 genere
597 2084 635 2116 et
664 2081 839 2126 proxima
859 2082 955 2125 erat,
987 2084 1025 2115 et
1055 2080 1182 2128 magis
1212 2091 1324 2126 quam
1356 2093 1489 2117 omnes

79 2137 180 2174 aliae
210 2137 411 2174 abundans
441 2136 761 2183 locupletissimis
792 2135 1061 2172 bibliothecis:
1092 2146 1253 2182 quarum
1281 2148 1302 2172 e
1329 2146 1487 2173 numero

73 2253 103 2295 ‘J
126 2257 199 2287 Nee
216 2257 357 2297 plaeere
375 2259 525 2296 poterat,
551 2266 627 2288 cuin
648 2250 709 2296 p'ei-
726 2266 765 2287 se
784 2257 892 2295 probe
915 2257 1051 2286 tenenti
1074 2257 1158 2286 illud
1176 2263 1281 2288 nosce
1298 2257 1331 2287 te
1349 2257 1486 2297 ipsvm,

121 2303 194 2332 tum
218 2302 262 2332 de
286 2303 480 2333 amicorum
506 2303 658 2333 sortasse
684 2301 983 2331 admonitionibus
1007 2302 1242 2340 intelligenti,
1266 2308 1348 2331 sese
1371 2305 1483 2334 mazi-

122 2347 236 2377 sterio
259 2347 476 2377 scholastico
509 2352 620 2376 nimus
652 2350 769 2385 aptum
803 2352 903 2381 esse;
942 2345 1046 2385 idque
1073 2354 1150 2376 eum
1177 2346 1259 2375 aliis
1283 2345 1327 2376 de
1351 2350 1484 2385 causis,

122 2392 194 2421 tum
220 2390 310 2430 quod
336 2398 464 2421 recens
497 2393 531 2421 in
565 2392 626 2420 has
659 2393 826 2430 regiones
859 2389 995 2420 advena
1028 2390 1181 2420 nondum
1213 2391 1300 2420 satis
1334 2391 1486 2421 calleret.

121 2435 334 2465 Batavorum
366 2436 546 2475 linguamz
579 2437 634 2465 cni
669 2442 777 2474 porro
810 2435 983 2465 hacteuus
1008 2436 1141 2464 tantum
1167 2442 1247 2465 eum
1272 2436 1489 2470 assuevisse,

120 2482 286 2519 qnantum
312 2481 398 2510 satis
421 2484 518 2509 esset
542 2478 583 2510 ad
610 2480 851 2519 quotidianum
877 2480 971 2509 vitae
1004 2481 1201 2510 communis
1236 2486 1359 2519 nsum,
1393 2479 1486 2509 infra

119 2523 272 2562 legimus
305 2534 337 2563 p.
362 2524 437 2554 138.
486 2524 582 2563 Ergo
615 2531 729 2563 neque
759 2523 945 2561 superbiae
977 2524 1063 2553 illud
1097 2522 1343 2561 tribuendum,
1374 2530 1487 2562 neque

121 2569 545 2599 contemtuiscboiastici
569 2569 726 2600 ordinis:
752 2569 822 2599 imo
847 2575 935 2598 vero
956 2568 1151 2599 modestiae
1175 2567 1292 2607 potius
1315 2574 1359 2599 ac
1381 2574 1487 2598 vere-

123 2612 282 2644 cundiae.
329 2613 566 2644 BERGMAN.

79 2662 124 2702 ”J
148 2665 296 2699 Verius:
321 2668 442 2700 eodem
466 2676 564 2700 aimo
588 2665 687 2697 1754.
712 2666 883 2707 siquidem
899 2667 986 2704 ipsis
1002 2667 1080 2698 Kal.
1096 2667 1200 2699 Febr.
1217 2666 1315 2699 1755.
1341 2666 1487 2706 scripsit

123 2711 273 2742 Ernesto
305 2713 381 2752 (Ep.
408 2712 486 2744 vn.
513 2712 642 2752 opusc.
669 2713 709 2742 Τ,
737 2712 778 2742 ll.
806 2721 837 2751 p.
862 2712 975 2752 8390,
1004 2720 1078 2743 sese
1101 2712 1227 2752 plures
1250 2713 1325 2744 iam
1350 2719 1485 2744 menses

118 2756 155 2786 in
183 2755 308 2787 Gallia
331 2756 492 2790 haerere.
539 2755 778 2790 BEBGMAN.
