1833 3237
199 1124 282 1161 175

849 174 1184 213 -104-

314 296 423 333 lusto
452 291 599 338 Lipsio,
639 289 815 335 palmam,
844 287 1001 334 eripuit.
1071 285 1174 321 Huic
1203 285 1306 321 enim
1335 296 1452 332 quum
1483 297 1556 323 nee
1585 295 1722 322 emen·-

316 350 432 386 dandi
471 346 682 390 felicitate,
727 353 799 379 nec
838 343 1004 379 Latinae
1045 340 1233 376 orationis
1272 341 1457 378 interiore
1487 342 1654 378 scientia
1683 347 1723 378 et

315 407 516 451 apparatu,
558 411 630 436 nec
673 399 881 445 exquisitis
911 398 1036 434 omnis
1066 396 1329 441 Antiquitatis
1359 401 1398 433 et
1426 399 1622 434 Historiae
1651 407 1723 434 co-

315 461 392 506 piis
429 458 606 501 cederet3
646 455 686 491 in
725 455 886 491 Graecis
928 458 1034 489 certe
1075 453 1232 497 biteris,
1273 452 1359 488 sine
1390 453 1531 498 quibus
1560 454 1724 490 Latinae

314 515 391 550 sibi
421 516 605 548 constare
635 514 844 558 nequeunt,
874 514 1021 546 tantum
1054 508 1265 555 praestitit,-
1301 512 1482 553 quantum
1512 509 1725 546 mediocri-

314 573 374 606 ter
401 567 574 614 tincto*)
607 569 817 613 pei-sectus.
886 566 988 602 Nolo
1019 574 1119 600 nunc
1157 574 1365 610 reponere,
1411 574 1510 609 quae
1539 565 1577 599 in
1608 565 1725 601 huius

315 625 446 671 operis
477 633 654 666 censura,
687 622 955 658 Bibliothecae
984 621 1155 658 Criticae
1185 621 1273 657 Vol.
1295 621 1324 655 1.
1356 622 1459 655 Part.
1484 620 1554 657 IV.
1586 620 1724 665 copio-

316 691 361 716 se
391 680 574 725 exposui.
628 679 728 715 Illud
762 688 836 713 non
867 677 1120 713 iniucundum
1151 676 1221 720 sit,
1252 676 1378 720 ipsius
1408 676 1539 711 verbis
1572 684 1725 723 cogno-

311 746 424 772 scere
455 735 545 781 quid
577 734 624 770 de
654 733 929 780 Goettingensi
968 731 1214 777 recensione,
1251 732 1366 783 quius
1396 732 1614 777 exemplum
1647 734 1726 767 tum

312 802 451 827 recens
481 792 639 826 allatum
671 790 707 825 ei
738 790 933 835 miseram,
963 787 1058 822 mihi
1089 787 1349 832 responderit:
1380 787 1440 822 sic
1469 787 1592 834 igitur
1620 787 1726 822 scri-

313 848 411 892 psit:
452 847 649 892 „Multum
689 847 746 881 Te
787 854 871 880 amo
913 844 962 879 dc
1001 843 1232 878 recensione
1263 843 1549 890 Goettingensi,
1579 843 1620 878 in
1650 852 1727 888 qua

313 903 427 949 „plus
457 902 586 937 laudis
616 901 710 936 mihi
740 900 935 939 tribuitur,
965 909 1078 944 quam
1109 908 1322 942 speraram.
1365 898 1473 942 Quod
1505 907 1644 933 censor
1660 898 1725 933 di-

313 958 406 1005 „cit,
438 968 499 993 me
517 956 795 1003 chronologica
827 955 984 1001 parcius
1019 954 1218 1001 attigisse,
1249 954 1355 989 nolui
1386 963 1597 999 recoquere
1627 964 1728 999 quae

313 1015 438 1059 „bene
469 1020 506 1048 et
537 1013 691 1057 copiose
723 1012 919 1056 disputata
951 1012 1088 1045 essent>
1121 1010 1168 1044 ab
1199 1009 1289 1044 aliis
1320 1009 1465 1044 Velleii
1494 1009 1726 1052 interpreti-

313 1070 429 1115 „busa
499 1069 692 1104 Numeros
739 1066 854 1103 etiam
893 1065 1121 1109 mendosos,
1166 1064 1271 1099 sicut
1316 1067 1428 1099 erant
1475 1065 1515 1099 in
1555 1064 1726 1100 editione

313 1123 527 1171 „principe,
570 1122 702 1157 dedita
741 1132 860 1167 opera
897 1120 1051 1166 reliqui,
1092 1119 1155 1155 ubi
1196 1120 1328 1154 nullus
1369 1123 1500 1155 certus
1529 1129 1726 1163 numerus,

313 1180 408 1227 „qui
439 1178 573 1224 reponi
616 1181 762 1223 posset,
804 1178 891 1212 sive
932 1187 955 1212 a
985 1186 1057 1222 me,
1089 1176 1175 1211 sive
1206 1176 1254 1209 ab
1285 1175 1388 1221 aliis,
1421 1179 1504 1210 erat
1532 1178 1724 1221 repertus.

312 1238 503 1282 „Semper
533 1234 658 1269 tutius
683 1238 743 1269 est
772 1233 814 1268 in
845 1233 947 1268 hanc
977 1235 1124 1276 partem
1146 1241 1323 1276 peccare.
1383 1232 1606 1274 Caeterum,
1627 1241 1727 1267 cen-

312 1301 407 1340 „sor
437 1291 512 1326 sibi
561 1289 670 1324 visus
708 1292 769 1324 est
799 1298 874 1323 non
915 1287 1022 1322 nulla
1058 1287 1299 1335 glossemata
1336 1289 1424 1332 post
1452 1297 1515 1322 me
1544 1287 1584 1322 in
1615 1288 1727 1323 textu

312 1345 658 1394 „deprehendisse
718 1346 888 1388 Quorum
920 1353 994 1391 ego
1017 1353 1064 1378 ne
1086 1353 1201 1378 unum
1225 1343 1378 1388 quidem
1398 1354 1467 1389 pro
1485 1343 1728 1390 glossemate

313 1402 482 1449 ‚‚habe0.
543 1402 682 1446 Neque
703 1401 804 1436 enim
834 1400 929 1436 licet
958 1400 1080 1434 verba
1109 1402 1308 1452 corrupta,
1341 1403 1535 1445 tamquam
1565 1399 1724 1446 glosse-

309 1468 413 1505 ,‚ma,
444 1457 611 1500 eiicere,
643 1457 720 1492 nisi
751 1455 1009 1492 demonstrari
1040 1455 1164 1500 possit
1195 1456 1258 1490 cui
1288 1455 1347 1490 rei
1373 1456 1631 1500 explicandae
1660 1455 1728 1491 in-

310 1514 559 1561 „servieriat,
590 1517 630 1550 et
659 1513 850 1558 quomodo
880 1511 928 1547 de
958 1511 1138 1558 margine
1168 1512 1206 1546 in
1234 1514 1381 1546 textum
1403 1510 1596 1547 venerint.
1627 1511 1729 1547 Illud

309 1573 469 1621 „autem
500 1570 596 1605 mihi
626 1570 832 1614 permirum
864 1567 1007 1603 accidit
1037 1568 1076 1602 in
1109 1567 1336 1602 monstrosis
1368 1567 1499 1603 verbis
1534 1567 1608 1614 (ΙΙ,
1638 1565 1729 1614 82.)

310 1626 499 1672 „Lildum
529 1627 571 1660 in
604 1627 777 1662 Caesare
815 1628 851 1660 et
881 1619 1040 1669 rep.**)
1079 1623 1279 1670 glossema
1308 1623 1457 1669 quaeri,
1489 1633 1561 1658 nec
1590 1623 1730 1659 sentiri

309 1680 625 1727 „emendationis
658 1690 766 1716 meae
798 1679 1095 1725 praestantiam.
1156 1680 1270 1716 Adeo
1301 1680 1420 1724 pauci
1449 1683 1554 1728 sunt,
1585 1679 1653 1725 qui
1681 1679 1731 1715 de

311 1737 451 1783 „bonis
482 1736 794 1772 correctionibus
824 1737 922 1771 bene
952 1735 1131 1770 iudicare
1160 1736 1355 1780 possint.“

423 1813 518 1850 'Pria
547 1813 624 1848 sibi
655 1812 730 1848 hoc
761 1823 861 1847 anno
892 1813 997 1847 laeta
1029 1812 1224 1857 obtigisse
1256 1821 1415 1846 narrare
1444 1811 1606 1848 solebat.
1639 1811 1732 1848 Pri-

311 1868 541 1915 mum,quod
571 1878 642 1903 sua
662 1868 993 1903 commendatione
1015 1866 1308 1903 Schultensium
1325 1863 1408 1913 ***)
1426 1871 1613 1913 nostrum,
1630 1867 1731 1913 patri

312 1929 466 1961 mortuo
497 1935 778 1968 successorem,
810 1934 859 1959 ex
890 1923 1249 1959 Amstelodamensi
1279 1923 1465 1957 cathedra
1490 1923 1529 1957 in
1561 1923 1731 1970 Lugdu-

313 1982 545 2017 nobatavam
576 1979 836 2024 traduxisset3
869 1979 933 2014 hic
964 1979 1064 2014 enim
1095 1979 1221 2023 ipsum
1255 1978 1356 2013 haud
1387 1988 1504 2013 secus
1526 1988 1571 2013 ac
1586 1989 1731 2024 paren-

312 2040 390 2072 tem
431 2037 595 2078 colebat,
640 2038 677 2071 et
717 2036 803 2080 ipse
842 2034 951 2070 illius
991 2034 1161 2069 candore
1192 2037 1230 2068 et
1261 2034 1458 2070 suavitate
1489 2038 1733 2080 summopere

313 2093 591 2128 delectabatur.
660 2090 861 2136 Alterum,
909 2090 1009 2135 quod
1052 2100 1111 2125 me
1160 2090 1329 2126 firmiore
1369 2091 1445 2125 iam
1485 2089 1644 2126 vinculo
1683 2090 1734 2127 ad

313 2149 500 2185 Batavam
539 2150 682 2183 terram
722 2146 916 2193 adstringi
963 2145 1139 2188 vidisset,
1173 2145 1302 2180 delata
1332 2146 1426 2181 mihi
1455 2146 1494 2181 in
1526 2142 1734 2183 Amstelo-

314 2203 490 2239 damensi
520 2204 729 2239 Athenaeo
771 2201 1048 2247 Philosophiae
1087 2202 1348 2247 professione,
1389 2201 1455 2236 ubi
1486 2201 1572 2247 ipse
1602 2212 1663 2237 me
1691 2202 1733 2238 in

314 2262 510 2305 potestate
552 2261 592 2294 et
631 2260 846 2304 'conspectu
876 2256 1074 2293 *haberets
1112 2257 1321 2304 Tertium,
1369 2255 1604 2302 quamquam
1633 2248 1732 2293 illud

316 2410 343 2450 ·)
359 2410 528 2486 ltjtonttilit
551 2411 816 2486 ssffdemannus
841 2412 914 2443 Cic.
939 2412 982 2443 de
1007 2410 1223 2450 Orat.ll,20.
1255 2409 1397 2441 Orator
1419 2410 1469 2441 sit
1489 2409 1576 2442 mihi
1599 2411 1735 2443 tinctus

376 2466 385 2486 ζ
422 2465 503 2486 e'rlS.
617 2478 624 2484 .

317 2507 357 2549 ⁸')
383 2511 500 2541 Locus
512 2511 637 2541 Velleii
664 2514 738 2542 est:
769 2510 849 2548 Qua
872 2513 1018 2542 aestate
1046 2511 1188 2542 Caesar
1202 2511 1279 2541 tam
1295 2517 1477 2550 prospere
1501 2508 1677 2541 Libium
1694 2509 1735 2540 in

359 2555 489 2585 Sicilia
514 2555 622 2585 hene
646 2554 803 2594 forenna
830 2557 867 2585 in
897 2555 1057 2588 Caesare
1090 2555 1127 2586 et
1151 2563 1227 2594 rep.
1264 2553 1499 2586 militavit
1523 2554 1572 2585 ad
1599 2553 1733 2585 Orien-

359 2601 444 2631 tem.
494 2599 705 2630 Emendavit
729 2600 979 2631 Ruhnkenius:
1018 2600 1098 2639 Qua
1122 2599 1262 2630 aestate
1289 2598 1529 2630 Caesar-‚tam
1550 2605 1734 2639 prospere

359 2643 584 2683 sepelivit
607 2645 645 2675 z‘n
669 2644 808 2675 Sicilia
832 2644 1009 2676 bellum
1025 2666 1036 2685 ,
1061 2641 1221 2682 fortuna
1247 2644 1283 2674 in
1309 2641 1471 2674 Caesare
1489 2643 1525 2674 et
1545 2651 1629 2684 rep.
1643 2652 1734 2676 mu-

362 2687 491 2719 tavit
515 2686 564 2719 ad
591 2687 791 2720 Orientem.
839 2689 1122 2720 LINDEMANN.

317 2742 377 2779 m)
404 2742 606 2774 Henricum
631 2742 837 2785 Albertum,
865 2743 907 2775 do
932 2752 1000 2784 quo
1025 2745 1070 2775 cf.
1096 2744 1191 2774 infra
1214 2750 1294 2783 pag.
1321 2743 1375 2774 ed.
1401 2742 1548 2781 lit-207.
1571 2751 1624 2783 sq.
1661 2742 1733 2775 lm.
