1816 3233
874 243 929 252 --
989 221 1179 263 196—-

322 300 371 329 Pa
392 297 460 327 ·ed.
472 295 569 332 princ.
1627 323 1630 326 ,

324 306 522 375 1⁵{.vs.22.
545 336 602 368 sui
625 343 748 366 causa.
802 334 857 367 De
888 336 942 366 his
975 336 1100 368 abhinc
1129 342 1243 367 annos
1268 336 1430 376 quattuor
1461 335 1495 366 et
1527 333 1652 375 viginti
1677 333 1730 364 sic

483 383 606 422 scripsi
640 382 690 420 (in
721 380 774 412 ed.
807 379 1069 420 Lindemann.):
1106 379 1317 423 „Eiusmodi
1348 381 1537 420 genitivum
1569 377 1731 420 equidem

481 428 677 469 putaverim
709 434 731 456 a
762 426 928 457 Romanis
965 428 1116 465 positum
1148 426 1259 458 fuisse
1288 424 1327 455 in
1359 425 1598 464 oppositionis
1628 423 1665 455 vi
1698 423 1733 455 et

479 472 663 514 yravitate
693 468 899 512 auyenda.“
938 476 1039 511 atque
1069 471 1194 502 eadem
1227 472 1429 502 etiamnunc
1461 477 1537 501 mea
1566 471 1623 501 est
1647 476 1735 501 sen-

482 520 605 550 tentia.
653 516 729 548 Cic.
755 517 853 548 Lael.
884 516 941 558 16,
967 518 1024 547 57.
1060 515 1173 554 Quam
1196 515 1333 557 multa,
1364 522 1457 555 quae
1480 515 1597 546 nostri
1620 521 1735 545 causa

482 570 665 604 nunquam
687 561 912 604 faceremus,
943 560 1102 601 facimus
1125 569 1238 592 causa
1261 561 1474 592 amicorum.
1521 560 1652 592 Postea
1675 561 1735 591 alii

483 616 618 650 quoque
641 608 685 638 de
705 607 826 639 eadem
850 615 890 639 re
914 607 1196 647 disputaverunt,
1221 615 1306 647 quos
1331 613 1403 637 non
1429 607 1557 638 attinet
1575 605 1736 646 singulos

487 661 710 686 enumerare.
759 653 810 684 Tu
843 653 921 683 mihi
952 652 1030 683 vide
1054 653 1190 691 Zumpt.
1216 652 1260 683 ad
1285 652 1355 684 Cic.
1382 652 1524 682 verrin.
1551 658 1633 690 pag.
1656 649 1735 681 542.

485 704 520 731 et
543 698 699 738 Madvig.
724 698 768 729 ad
793 698 864 729 Cic.
889 697 934 729 de
959 697 1038 728 Fin.
1064 697 1113 737 11,
1144 698 1209 736 23,
1235 697 1292 728 76.
1332 700 1367 728 et
1396 699 1432 727 iu
1456 695 1622 728 Addend.
1654 703 1734 735 pag.

483 744 565 776 870.
611 743 662 776 cf.
688 743 816 774 Krebs.
840 743 961 774 Autib.
986 750 1064 782 pag.
1087 743 1142 774 46.
1191 743 1359 773 Similiter
1382 744 1524 782 scripsit
1547 740 1735 782 VVyttenb.

486 790 578 821 infra
600 797 681 829 pag.
710 788 785 826 177,
810 789 841 819 6.
868 787 946 829 190,
969 788 1001 817 2.
1025 787 1102 819 212.
1130 795 1180 828 pr.
1206 787 1282 827 254,
1305 788 1339 818 2.
1362 787 1440 819 259.
1466 790 1556 819 extr.

331 835 455 867 155.—
472 835 505 866 4.
528 832 646 866 verbo.
693 834 745 865 Cf.
771 835 812 864 ad
838 841 916 873 pag.
943 832 1019 871 127,
1038 831 1074 864 ’3.

332 882 454 913 156.-
470 882 501 912 3.
526 880 612 911 dum
635 895 678 901 —
702 877 910 919 atanqebat.
967 878 1073 909 humo
1109 877 1194 909 dum
1217 895 1258 900 --
1283 877 1441 918 attinyit.
1488 876 1567 908 vid.
1602 876 1737 918 Krueg.

491 925 552 957 Gr.
582 926 660 956 Lat.
686 925 719 963 S.
743 924 819 956 630.
846 924 926 955 adn.
951 923 982 954 1.
1009 924 1136 954 Krebs.
1161 925 1184 955 1.
1211 924 1230 955 Ι.
1258 932 1336 964 pag.
1362 923 1439 954 308.
1466 931 1517 963 sq.

349 989 386 998 -
417 988 453 995 —-
468 974 501 1003 5.
527 970 770 1002 correctiones
805 969 845 1000 in
875 967 1145 1008 Xenophontem
1174 985 1218 991 —-
1249 968 1287 998 in
1319 967 1515 999 Ernestum
1545 965 1738 998 scribebat.

484 1016 592 1048 Certe
616 1015 797 1048 dicendum
823 1015 934 1045 fuisse
958 1016 1134 1052 existimo,
1159 1013 1402 1044 correctiones
1424 1011 1670 1052 Xenophontis
1693 1028 1738 1036 —

489 1060 651 1092 Ernestii
666 1058 855 1091 scribebat.
889 1060 1104 1099 Quamquam
1128 1059 1162 1090 id
1186 1061 1298 1098 ipsum
1319 1067 1390 1090 non
1415 1060 1528 1098 magis
1551 1058 1739 1096 blanditur,

488 1115 588 1147 quani
613 1108 643 1137 si
665 1108 717 1137 sic
741 1107 908 1145 scriptum
933 1107 1049 1136 esset:
1073 1103 1343 1142 Xenophontem
1368 1123 1407 1127 —-
1432 1102 1628 1134 Ernestum
1652 1109 1740 1132 cor-

488 1150 650 1192 riyebat:
691 1153 816 1191 quippe
852 1158 953 1189 quum
992 1149 1205 1180 emendandi
1246 1152 1363 1189 potius
1398 1157 1500 1190 quam
1531 1146 1740 1189 corrigendi

490 1198 636 1228 verbum
661 1200 697 1228 et
719 1200 910 1235 praeterea.
941 1204 1002 1235 pro
1028 1195 1265 1235 Xenophonte
1294 1197 1372 1235 ipso
1405 1197 1441 1226 et
1472 1194 1638 1226 Ernestio
1661 1191 1740 1224 Xe-

488 1241 679 1281 nophontis
700 1241 734 1272 et
758 1240 920 1271 Ernestii
942 1240 1062 1271 oratio
1087 1239 1249 1280 (sermo)
1276 1242 1533 1281 requireretur.

355 1306 390 1312 —
421 1289 506 1319 -9.
529 1294 664 1327 parum
694 1285 823 1317 aberat
850 1286 947 1326 quin.
1002 1286 1112 1316 Nemo
1144 1287 1347 1317 Latinorum
1379 1287 1430 1316 sic
1463 1292 1613 1325 unquam
1645 1282 1742 1323 dixit,

494 1332 556 1365 sed
580 1340 651 1363 non
673 1332 825 1363 multum
850 1330 1062 1371 (paullum)
1088 1329 1186 1362 abest
1210 1331 1295 1371 quin
1302 1353 1316 1374 9
1353 1333 1389 1362 et
1416 1329 1509 1362 istud
1545 1336 1655 1370 aeque
1686 1329 1741 1359 in-

491 1382 609 1418 eptum
633 1383 690 1409 est
714 1385 757 1408 ac
780 1380 812 1408 si
836 1379 911 1418 quis
936 1379 1085 1408 animum
1108 1377 1246 1408 inducat
1283 1385 1348 1416 pro
1373 1384 1417 1407 eo
1442 1375 1562 1407 dicere
1585 1382 1657 1405 non
1679 1381 1743 1404 sa-

492 1424 540 1455 tis
564 1422 663 1453 abest
685 1423 787 1464 quin,
813 1431 915 1461 quum
941 1427 1059 1453 tamen
1081 1430 1199 1461 prope
1223 1422 1275 1453 est
1298 1422 1339 1452 ut
1362 1421 1566 1463 significare
1590 1420 1687 1451 velit.

355 1485 391 1495 —-
422 1486 458 1494 -
475 1468 528 1500 13.
554 1467 618 1499 sub
641 1467 746 1499 huius
767 1468 916 1499 nomine.
964 1467 1072 1498 Immo
1104 1467 1208 1498 huius
1238 1467 1378 1498 nomine
1407 1464 1613 1506 subscripto
1647 1463 1743 1504 sad-

493 1514 604 1553 dito.)

355 1577 391 1585 -
422 1577 458 1584 -
472 1559 526 1590 16.
559 1558 837 1590 Valckenarium
860 1558 956 1589 inter
979 1558 1013 1588 et
1030 1557 1250 1589 Ernestium.
1298 1558 1500 1597 Postposita
1523 1557 1611 1588 haec
1633 1562 1744 1596 prae-

491 1606 617 1646 positio
642 1613 712 1635 uon
736 1606 916 1635 iuvenitur
940 1605 1006 1634 nisi
1029 1603 1118 1643 apud
1138 1606 1297 1635 seriores
1322 1607 1357 1634 et
1378 1606 1510 1642 poetas,
1535 1604 1566 1633 si
1585 1603 1743 1641 excipias

495 1651 716 1691 pronomina.
742 1651 855 1682 veluti
878 1649 965 1680 haec
982 1649 1092 1691 inter,
1116 1657 1203 1690 quos
1223 1648 1329 1680 inter.
1367 1649 1534 1680 Usitatior
1554 1649 1743 1685 structura,

497 1704 598 1737 quum
622 1697 715 1726 inter
732 1695 798 1726 duo
827 1695 1048 1726 substantiva
1071 1697 1221 1735 ponitur,
1247 1699 1283 1727 ut
1306 1695 1339 1725 li.
1364 1694 1386 1725 l.
1413 1702 1500 1734 quae
1525 1697 1643 1724 tamen
1666 1693 1744 1732 ipsa

495 1742 586 1773 ratio
616 1745 758 1779 praeter
781 1741 942 1772 'l‘acitum
973 1744 1009 1771 et
1041 1744 1163 1779 poetas
1194 1741 1370 1772 neminem
1394 1741 1529 1770 invenit
1551 1739 1743 1770 fautorem.

494 1785 777 1817 LINDEMANN.
825 1784 878 1816 Cf.
906 1786 978 1816 Liv.
1004 1785 1126 1822 XXII.
1150 1786 1183 1816 3.
1216 1784 1368 1816 Etrusci
1391 1784 1532 1827 campi,
1561 1784 1623 1824 qui
1647 1782 1744 1814 Fae-

493 1830 594 1861 sulas
623 1830 718 1861 z‘nter
742 1828 994 1870 Arretiumque
1026 1830 1155 1862 iacent.
1192 1834 1228 1862 et
1259 1831 1326 1861 vid.
1359 1830 1403 1861 dc
1435 1831 1502 1861 hac
1533 1837 1574 1861 re
1605 1829 1745 1869 Zumpt.

494 1877 556 1908 Gr.
581 1877 613 1913 S.
637 1875 718 1907 324.
742 1876 918 1916 Krueger.
944 1876 976 1914 5.
995 1875 1070 1906 690.

338 1922 456 1954 157.-
473 1922 504 1953 1.
529 1921 667 1961 cuique.
715 1921 786 1953 Aut
808 1922 919 1952 omitti
943 1928 1138 1960 pronomen
1162 1923 1225 1951 aut
1236 1920 1381 1960 utrique
1405 1919 1627 1951 scribendum
1653 1920 1743 1951 erat.

337 1968 454 2000 158.-
472 1966 525 1998 12.
549 1965 729 2006 hodieque.
786 1966 863 1997 Non
898 1969 952 1996 est
989 1974 1076 1997 sane
1106 1966 1374 1997 ciceronianum
1413 1966 1482 1996 hoc
1519 1965 1744 2005 vocabulum,

492 2012 554 2043 sed
579 2016 713 2051 tamen,
739 2013 775 2041 ut
798 2012 966 2047 arbitror,
990 2019 1059 2042 non
1085 2019 1230 2050 prorsus
1254 2012 1494 2043 damnandum.
1541 2011 1665 2042 'l'utius
1688 2012 1745 2041 est

497 2065 585 2089 vero
609 2057 719 2096 simpl.
743 2056 846 2088 hodie
869 2056 926 2088 vel
948 2055 1051 2088 hodie
1074 2064 1211 2098 quoque
1234 2064 1421 2096 usurpare.
1467 2055 1522 2088 cf.
1546 2056 1589 2088 ad
1611 2057 1743 2088 Mutet.

494 2102 574 2134 Vol.
598 2101 624 2132 Ι.
651 2110 727 2144 pag.
753 2101 830 2133 204.
857 2106 892 2134 et
915 2101 1044 2132 Krebs.
1069 2102 1092 2134 l.
1120 2103 1140 2133 Ι.
1167 2110 1245 2143 pag.
1263 2102 1342 2132 386.

358 2167 393 2172 -
423 2165 459 2172 -
476 2147 531 2179 16.
555 2155 690 2186 parens
712 2147 860 2178 natura.
908 2148 1003 2178 Bene
1028 2148 1215 2188 Wyttenb.
1238 2148 1427 2187 parentem
1451 2147 1548 2190 dixit,
1571 2155 1642 2180 non
1661 2153 1744 2178 ma-

494 2194 596 2225 trem.
644 2191 698 2224 Cf.
721 2201 827 2231 supra
851 2191 892 2224 ad
921 2192 995 2229 151,
1018 2193 1051 2222 3.

342 2241 460 2273 159.-
476 2239 509 2271 2.
535 2237 639 2269 libris
661 2237 804 2277 publice
828 2238 942 2269 editis.
991 2238 1100 2269 Immo
1132 2237 1170 2269 in
1201 2237 1388 2278 publicum
1410 2238 1525 2271 editis,
1573 2236 1627 2270 Cf.
1651 2237 1746 2269 infra

495 2293 576 2325 pag.
602 2284 681 2323 163,
705 2284 761 2316 22.
1636 2302 1637 2305 =

359 2348 394 2355 -
426 2332 509 2362 -5.
534 2329 756 2360 contentiosi.
803 2329 857 2361 De
891 2330 923 2360 h.
958 2338 990 2360 v.
1027 2337 1095 2360 non
1131 2331 1218 2360 satis
1255 2331 1382 2362 usitato
1418 2329 1461 2362 cf.
1497 2328 1624 2360 Krebs.
1663 2327 1686 2360 l.
1719 2327 1746 2359 1.

358 2439 394 2446 --
425 2439 459 2446 -
476 2374 758 2452 1¹{ffg2321232fflffl
805 2419 913 2450 Immo
937 2419 1123 2461 velitaris,
1147 2419 1244 2450 levis.
1291 2420 1383 2452 Illud
1407 2427 1575 2460 nusquam
1602 2418 1743 2459 legitur.

497 2467 548 2498 De
573 2466 692 2497 vocab.
717 2464 931 2496 inimicitiae
954 2465 1042 2506 quod
1067 2467 1224 2505 sequitur
1247 2473 1300 2496 vs.
1326 2465 1378 2497 14.
1405 2467 1450 2497 cf.
1476 2466 1519 2497 ad
1544 2465 1620 2502 127,
1645 2463 1677 2495 1.

343 2511 463 2544 160.-
479 2512 512 2544 1.
535 2510 680 2541 notulas
698 2510 926 2551 adspergere.
953 2512 1012 2542 Sic
1029 2512 1252 2549 contemptim
1266 2510 1403 2543 dixerat
1422 2513 1550 2543 irrisor
1562 2510 1746 2549 Klotzius3

497 2563 610 2598 quare
634 2557 689 2587 hic
713 2556 849 2596 quidem
873 2565 943 2587 non
969 2557 1129 2595 displicet
1151 2555 1392 2596 adsperyendi
1415 2558 1512 2589 verb.
1545 2555 1597 2587 Cf.
1615 2555 1747 2587 Krebs.

499 2610 578 2642 pag.
604 2602 682 2633 176.
707 2610 759 2642 sq.
808 2602 861 2633 De
884 2601 1019 2632 notulis
1041 2608 1148 2640 supra
1173 2600 1334 2635 diximus.

332 2641 340 2649 ‘
362 2664 397 2670 —
431 2665 463 2670 —
480 2647 512 2679 4.
537 2645 740 2678 Literariis.
789 2646 845 2678 Cf.
869 2647 994 2678 Krebs.
1018 2647 1042 2678 l.
1066 2646 1089 2676 l.
1113 2654 1191 2686 pag.
1216 2645 1293 2676 468.
1341 2646 1392 2678 De
1415 2655 1466 2686 sq.
1493 2646 1592 2678 verb.
1616 2643 1746 2677 Amoe—

498 2692 655 2723 m‘tatum
689 2693 731 2723 cf.
765 2691 852 2723 Ptin.
881 2692 925 2722 H.
949 2692 992 2723 N.
1022 2693 1168 2731 praefat.
1202 2691 1235 2730 §-
1262 2691 1318 2722 14.
1348 2691 1553 2724 studiorum
1583 2690 1747 2724 amoeni-

496 2737 590 2768 tates
612 2737 825 2777 quaerimus.
851 2743 887 2769 et
909 2738 1036 2779 Krebs.
1062 2737 1086 2768 l.
1110 2737 1133 2767 l.
1160 2734 1239 2777 pag.
1266 2737 1344 2768 155.

344 2782 512 2816 iet—8.
537 2781 781 2813 enthusiasmo,
829 2783 883 2815 Cf.
908 2782 950 2814 ad
975 2790 1056 2822 pag.
1081 2782 1114 2821 9,
1140 2781 1191 2812 11.

364 2844 400 2851 -
430 2843 467 2852 -
482 2827 535 2862 19.
559 2835 630 2858 non
652 2827 817 2868 amplius.
867 2827 922 2860 Cf.
948 2827 990 2860 ad
1014 2835 1093 2869 pag.
1119 2827 1177 2866 62,
1201 2824 1254 2858 10.
