1833 3237
843 188 1174 227 -32-

300 301 461 339 darent:
490 309 625 349 porro,
669 296 889 346 principum
928 299 1172 346 Scriptorum
1211 310 1417 336 censuram
1456 301 1648 349 agebant,
1679 303 1717 338 et

300 359 453 396 classes
483 355 772 394 constituebant
802 366 936 392 eorum
967 357 1033 402 qui
1062 359 1256 402 tamquam
1292 357 1491 394 scribendi
1531 357 1720 405 cogitan-

301 414 419 461 dique
450 422 606 449 normae
635 414 675 447 et
706 413 884 458 exempla
912 412 1186 448 auctoritatem
1213 412 1427 460 haberent3
1455 413 1597 460 quibus
1627 413 1720 449 inde

231 464 518 506 50Auctorum
556 468 810 504 classicorum
850 478 986 504 nomen
1025 468 1148 504 venit.
1203 468 1436 505 criticorum
1476 469 1650 516 primarii
1680 471 1720 505 et

300 529 432 561 aetate
463 528 503 560 et
533 525 639 560 fama
669 524 917 560 celebrantur
945 524 1192 572 zenodotuS,
1234 524 1525 571 Aristophanes
1555 527 1719 574 Byzan-

300 581 406 631 tius,
438 580 720 626 Aristarchus,
753 581 916 629 crates,
955 590 1115 626 quorum
1156 591 1233 616 non
1264 580 1342 616 nisi
1373 580 1478 616 levia
1506 583 1721 627 supersunt

299 638 543 684 fragmenta:
574 640 613 673 et
643 646 804 682 quorum
845 636 936 673 libri
966 636 1114 673 servati
1144 636 1219 673 hoc
1248 646 1378 685 genus
1408 637 1474 672 vel
1503 636 1719 686 attingunt,

299 693 365 728 vel
407 693 742 741 complectuntur,
780 692 1046 740 AristoteleS,
1084 691 1296 737 Dionysius
1335 691 1720 743 Halicarnassensis5

298 749 555 797 Athenaeus,
585 747 814 796 Longinus,
845 747 1108 794 Porphyrius:
1139 747 1394 784 eruditissimi
1424 748 1602 785 homines
1613 776 1623 797 ,
1654 749 1722 795 qui

298 808 340 842 et
378 805 631 851 multiplicem
671 805 892 840 Auctorum
928 803 1145 840 doctrinam
1189 803 1469 849 materiamque
1498 807 1722 850 perceptam

297 860 504 913 haberent,
534 863 574 896 et
603 859 855 896 Rhetoricam
886 859 1264 905 Grammaticamque
1294 863 1488 897 tenerent.
1547 860 1626 896 Sed
1652 858 1721 906 qui

299 916 385 952 solo
414 910 654 953 Rhetoricae
684 925 844 951 munere
871 915 1058 963 contenti,
1090 915 1340 951 laudabiliter
1369 925 1416 951 eo
1449 917 1722 963 fungerentur,

296 972 532 1018 laudataque
561 971 709 1018 scripta
740 971 1028 1018 relinquerent,
1056 973 1142 1008 fere
1170 976 1263 1008 sunt
1302 973 1590 1021 HermogeneS‚
1620 972 1721 1009 Ari-

299 1029 439 1076 sudes,
471 1028 621 1075 Theon,
654 1027 898 1074 Demetrius,
928 1028 997 1063 alii
1027 1038 1103 1063 non
1135 1028 1290 1073 quidem
1321 1028 1616 1075 contemnendi,
1648 1038 1722 1064 nec

299 1088 428 1120 tamen
459 1094 547 1119 cum
577 1083 639 1119 his
671 1083 872 1119 doetrinae
903 1083 1143 1129 praestantia
1180 1084 1440 1128 comparandi.
1498 1086 1597 1121 Sunt
1627 1093 1721 1120 vero

299 1140 416 1176 etiam
458 1139 612 1185 quidam
652 1139 755 1175 levis
797 1142 835 1174 et
875 1139 1019 1176 nullius
1056 1139 1140 1175 fere
1180 1138 1386 1188 momenti,
1426 1139 1492 1186 qui
1538 1149 1612 1176 non
1643 1138 1723 1175 nisi

297 1195 541 1233 Dialecticae
570 1196 697 1231 abusu
727 1195 931 1242 loquacem
962 1195 1204 1232 ieiunitatem
1243 1198 1460 1241 sequuntur
1496 1196 1537 1232 in
1577 1195 1720 1232 defini-

299 1251 413 1288 endis
443 1251 656 1300 generibus
689 1254 728 1287 et
758 1253 927 1299 caussis,
957 1252 1053 1288 meri
1084 1253 1307 1298 Scriptores
1337 1252 1386 1287 de
1413 1253 1525 1300 Arte,
1556 1252 1614 1287 uti
1647 1261 1722 1288 vo—

299 1312 452 1356 cantur,
483 1308 738 1357 τεχιυγράᾳοι,
765 1308 814 1343 ab
846 1308 949 1344 omni
976 1308 1135 1344 aliarum
1162 1308 1379 1344 [literarum
1407 1308 1605 1344 suavitate
1629 1307 1723 1344 nudi

300 1368 339 1400 et
361 1364 488 1400 vacui.
520 1363 565 1400 In
587 1364 722 1399 eadem
754 1365 946 1400 tenuitate
977 1368 1017 1400 et
1047 1365 1209 1400 levitate
1239 1364 1422 1411 permulti
1452 1368 1544 1400 sunt
1574 1365 1722 1401 Gram-

298 1420 450 1458 matici:
481 1423 519 1456 at
552 1430 643 1456 vero
675 1420 808 1465 plures
839 1422 956 1456 etiam
987 1425 1144 1457 exstant
1162 1421 1327 1469 egregie
1351 1421 1468 1469 docti,
1500 1421 1720 1457 maximae-

299 1487 375 1527 que
405 1477 453 1513 ad
483 1477 707 1512 interiorem
738 1476 900 1524 linguae
931 1477 1229 1523 Literarumque
1261 1477 1525 1526 cognitionem
1564 1477 1722 1513 utilita-

299 1534 362 1569 tis.
422 1536 567 1570 Horum
599 1533 665 1568 alii
697 1534 882 1569 orationis
915 1534 1106 1570 elementa
1129 1538 1168 1569 et
1193 1534 1526 1580 compositionem,
1558 1537 1720 1569 naturae

299 1589 574 1626 observatione
606 1594 643 1625 et
672 1600 763 1625 vera
795 1590 1002 1626 dialectica
1023 1591 1175 1626 ratione
1196 1591 1406 1636 explicant,
1439 1589 1559 1625 veluti
1590 1589 1721 1635 Apol-

298 1645 426 1682 lonius
468 1646 687 1693 Dyscolus,
719 1650 757 1681 et
789 1647 1004 1690 Dionysius
1045 1648 1199 1682 Thrax:
1247 1647 1410 1682 aliorum
1442 1656 1560 1691 opera
1590 1645 1723 1681 conti·-

232 1704 287 1742 51
302 1705 442 1738 nentur
472 1702 649 1749 Lexicis,
681 1702 804 1737 veluti
837 1700 1020 1750 Pollucis,
1052 1703 1256 1750 Hesychst,
1288 1703 1448 1750 Suitlae,
1478 1701 1720 1750 Etymologi,

298 1758 633 1805 Harpocrationis,
666 1758 876 1803 Ammonii,
909 1759 1097 1793 minorum
1128 1760 1218 1794 item
1240 1759 1512 1803 quorumdam:
1543 1759 1719 1805 aliorum,

299 1813 463 1850 scholiis
502 1812 550 1847 ad
583 1813 800 1860 Auctores,
831 1814 996 1849 maxime
1027 1814 1249 1859 Byzantino
1289 1824 1387 1849 aevo
1419 1814 1637 1859 compilatis
1669 1824 1721 1850 ex

299 1869 589 1906 commentariis
631 1868 976 1905 Grammaticorum
1018 1881 1119 1906 nune
1156 1870 1333 1916 perditiS.
1394 1869 1473 1906 Sed
1505 1873 1543 1904 et
1572 1870 1721 1906 Rhetor

300 1929 340 1962 et
370 1926 655 1962 Grammaticus
686 1926 739 1960 ita
769 1926 935 1971 quisque
968 1927 1078 1961 nobis
1120 1927 1276 1962 maioris
1307 1927 1422 1972 pretii
1454 1926 1721 1962 aestimandus

299 1985 383 2030 est,
415 1986 456 2017 ut
487 1986 525 2016 et
556 1982 651 2017 artis
683 1981 868 2016 rationem
911 1982 1037 2028 magis
1069 1986 1195 2027 tenet,
1239 1986 1276 2017 et
1316 1983 1355 2017 in
1397 1982 1531 2028 primis
1564 1987 1602 2017 ut
1634 1984 1721 2018 fre-

298 2038 479 2084 quentior
510 2042 569 2073 est
599 2038 639 2073 in
672 2038 931 2073 memorandis
963 2048 1049 2073 cum
1081 2040 1198 2074 rebus
1226 2049 1276 2074 ex
1306 2039 1479 2074 Historia
1518 2041 1557 2073 et
1597 2039 1722 2074 Anti-

298 2095 446 2140 quitate
476 2103 552 2130 non
582 2090 741 2129 aliunde
771 2094 957 2140 cognitis,
988 2097 1066 2128 tum
1098 2094 1196 2129 locis
1227 2095 1446 2130 et-notitiis
1477 2093 1721 2140 Scriptorum

298 2150 551 2196 perditorum.
612 2150 673 2185 lta
704 2149 805 2184 enim
836 2160 880 2184 se
911 2159 973 2184 res
1005 2149 1137 2193 habet,
1168 2154 1222 2196 ut,
1256 2161 1329 2195 quo
1355 2151 1484 2197 plures
1515 2161 1581 2196 per
1614 2151 1722 2187 illam

298 2206 419 2242 medii
457 2206 547 2241 aevi
587 2205 804 2241 barbariem
845 2206 1042 2251 perierunt
1083 2206 1174 2241 boni
1215 2206 1330 2248 libri,
1362 2217 1407 2241 eo
1447 2206 1593 2241 maiore
1632 2217 1720 2242 cum

299 2272 395 2298 cura
425 2272 474 2297 ex
505 2262 578 2297 hoc
609 2266 802 2307 tamquam
837 2261 1043 2308 naufragio
1081 2262 1234 2298 tabulas
1276 2262 1464 2309 colligere
1495 2261 1716 2300 debeamus,

299 2317 430 2366 Igitur
470 2317 561 2352 inde
603 2328 625 2352 a
655 2318 803 2353 renatis
836 2318 982 2353 Litoris
1014 2318 1132 2353 multa
1171 2317 1318 2354 inedita
1350 2317 1533 2363 paulatim
1567 2319 1721 2363 prolata

300 2376 415 2421 sunt,
450 2376 492 2409 ut
522 2373 576 2408 nil
606 2373 680 2408 iam
713 2383 925 2418 superesse
958 2374 1168 2410 videretur.
1228 2375 1488 2410 Ruhnkenius
1523 2384 1609 2409 cum
1641 2375 1720 2410 alia

300 2439 350 2466 ex
379 2429 702 2466 bibliothecarum
733 2429 894 2465 latebris
928 2431 1115 2475 protraxit
1147 2431 1334 2477 egregia,
1367 2435 1446 2465 tum
1480 2430 1719 2466 Grammati-

300 2495 433 2522 corum
472 2487 672 2532 ingentem
713 2485 814 2520 vim:
855 2496 876 2520 e
916 2488 1056 2532 quibus
1096 2490 1151 2521 tot
1189 2491 1342 2532 tamque
1384 2485 1604 2532 praeclaras
1644 2487 1720 2522 do-

300 2541 451 2578 ctrinae
482 2541 638 2577 notitias
670 2552 716 2577 ac
746 2542 931 2587 reliquias
962 2543 1001 2578 in
1033 2543 1158 2578 lucem
1189 2544 1424 2589 expromsit,
1458 2545 1549 2586 quot
1590 2553 1720 2588 quan-

301 2601 441 2643 tasque
472 2608 604 2634 eorum
631 2598 798 2645 quidem,
831 2600 896 2644 qui
927 2600 1000 2635 hoc
1025 2603 1064 2635 et
1094 2599 1296 2645 superiore
1327 2598 1459 2634 seculo
1472 2594 1511 2645 *)
1544 2599 1716 2643 fuerunt,

301 2654 498 2691 hominum
530 2655 710 2690 novimus
751 2655 956 2692 neminem.

303 2748 334 2790 ‘J
354 2753 415 2783 Sic
453 2752 485 2782 h.
519 2752 543 2782 l.
577 2754 631 2784 ed.
664 2763 716 2793 pr.
752 2756 969 2796 Bergmauus
1002 2755 1112 2786 edidit
1145 2756 1311 2796 saeculo,
1347 2756 1513 2796 quoniam
1544 2755 1629 2787 alibi
1664 2755 1716 2784 sic

346 2798 533 2837 scripserit
558 2799 632 2838 ipse
656 2800 963 2839 Wyttenbachius.
1011 2802 1083 2832 FR.
