1833 3237
835 225 1168 265 —20m

296 348 334 382 et
363 343 548 381 universe
576 336 914 386 adumbravimus3
952 348 1026 385 quo
1058 337 1204 375 certius
1243 337 1292 374 de
1329 338 1566 376 Ruhnkenio
1604 337 1723 376 iudi-t

295 401 376 437 cari
404 400 549 446 posset,
581 405 694 442 quem
723 397 881 431 constat
909 394 1250 432 Hemsterhusiani
1291 395 1460 441 exempli
1501 399 1713 442 praestan-

295 457 390 493 tiam
433 457 471 490 et
508 455 684 489 secutum
725 454 765 487 et
803 454 1029 487 assecutum
1069 447 1225 497 esse.*)
1293 451 1409 486 Nunc
1449 452 1589 497 quibus
1626 463 1713 488 eam

294 511 484 560 gradibus
514 508 734 554 studiisque
764 510 972 543 assecutus
1004 507 1067 554 sit,
1099 517 1212 552 porro
1243 507 1461 544 videamus·

406 567 458 602 Et
504 565 667 611 primum
717 563 870 609 quidem
911 574 982 599 suo
1032 563 1208 608 exemplo
1251 563 1431 609 probavit
1466 564 1716 600 verissimum>

295 632 385 658 esse
415 623 530 657 vetus
558 620 667 668 illud,
698 621 761 656 sui.
790 621 933 666 cuique
961 629 1090 656 mores
1115 617 1271 666 finyunc
1297 616 1594 666 fortunam.**)
1626 622 1713 655 Vc·—

296 680 406 714 nerat
435 677 671 724 Lugdunum
703 676 840 712 invitis
870 676 1112 721 parentibus.
1173 676 1292 711 Vitae
1320 675 1508 711 subsidiis
1546 686 1713 721 prospe—

294 738 397 770 ctum
428 736 513 769 erat
540 733 580 769 in
611 734 731 769 breve
762 736 928 779 tempuS,
950 731 1047 768 illud
1076 741 1150 775 quo
1180 731 1220 766 in
1252 733 1458 767 Germania
1488 731 1715 767 cathedram

234 797 288 834 29
301 791 465 836 adeptus
496 792 626 825 esset:
657 788 757 834 quod
790 792 942 832 tempus
971 787 1091 822 breve
1120 787 1205 821 fore
1222 786 1568 834 Wittebergenses
1599 787 1716 823 amici

293 847 597 883 affirmaverant.
663 845 798 890 Nunc,
840 853 887 878 ne
926 842 993 878 illa
1041 842 1195 887 quidem
1235 843 1409 878 subsidia
1457 842 1714 879 desidera-vit.

292 904 351 938 1⁴20
381 903 465 937 erat
494 899 682 947 ingenie,
719 898 770 934 iis
800 898 993 946 moribus,
1024 903 1067 935 ut
1098 908 1173 934 non
1214 898 1325 934 modo
1356 898 1515 947 doctos,
1547 899 1617 934 sed
1648 898 1716 934 in-

292 958 429 994 doctos
460 956 591 1004 etiam,
621 955 740 991 facile
770 955 847 991 sibi
879 954 1119 990 conciliaret.
1180 956 1277 991 Erat
1296 955 1334 990 in
1355 964 1400 990 eo
1425 964 1512 990 cum
1534 953 1714 990 officiosa

295 1013 478 1049 comitate
517 1015 557 1047 et
596 1011 788 1047 sermonis
828 1010 1057 1046 affabilitate
1096 1010 1295 1057 ingenuus
1335 1011 1501 1056 candor,
1531 1011 1579 1046 ab
1611 1010 1716 1047 omni

293 1072 332 1105 et
373 1068 622 1114 adulatione,
662 1070 701 1103 et
730 1065 1007 1112 simulatione,
1044 1068 1083 1100 et
1122 1076 1216 1101 vero
1256 1066 1491 1101 eruditionis
1531 1069 1719 1103 ostenta-

293 1124 413 1170 tione,
457 1133 620 1170 prorsus
649 1122 824 1158 alienus:
856 1122 1007 1157 animus
1039 1121 1206 1167 simplex
1237 1124 1275 1157 et
1306 1124 1479 1170 apertus,
1511 1123 1595 1158 veri
1624 1125 1717 1159 stu-

294 1180 431 1217 diosus
471 1182 511 1215 et
539 1185 678 1227 tenax,
719 1182 758 1214 et
794 1180 981 1214 constans
1021 1177 1137 1213 etiam
1175 1180 1367 1225 assertor,
1396 1177 1646 1226 gravioribus
1676 1178 1717 1214 in

295 1233 468 1284 negotiis
507 1234 572 1271 ubi
602 1234 812 1271 amicorum
853 1233 1091 1270 commodum
1124 1236 1163 1269 et
1193 1233 1315 1270 officii
1354 1234 1589 1280 consiliique
1618 1234 1717 1270 fides

294 1294 505 1340 agereturz
546 1290 761 1327 levioribus
791 1290 830 1326 in
862 1290 999 1338 rebus,
1041 1284 1263 1326 sententiae
1303 1300 1377 1326 nec
1407 1290 1560 1326 alienae
1590 1291 1717 1326 sedu-

295 1348 359 1384 lus
392 1347 674 1395 reprehensor,
709 1358 780 1384 nec
811 1356 906 1382 suae
937 1345 1116 1392 pertinax
1153 1347 1358 1385 defensor:
1401 1349 1600 1384 caeterum
1632 1348 1718 1383 fere

295 1400 579 1452 Pamphili***)
612 1403 838 1440 Terentiani
869 1403 1024 1451 similis,

408 1483 477 1519 Sic
507 1482 589 1517 vita
619 1484 724 1517 erat:
754 1482 873 1518 facile
903 1492 1036 1518 omnes
1068 1483 1242 1528 perferre
1272 1491 1319 1516 ac
1350 1481 1444 1527 pati,

412 1540 507 1575 Cum
540 1538 679 1583 quibus
710 1542 792 1574 erat
823 1549 977 1584 cunque
1010 1549 1099 1585 una,
1130 1538 1182 1574 iis
1213 1548 1257 1573 se
1288 1537 1445 1586 dedere,

408 1597 554 1631 Eorum
587 1595 748 1640 obsequi
780 1595 947 1640 studiis3
980 1595 1171 1631 advorsus
1203 1594 1369 1630 nemini:

408 1651 626 1696 Numquam
657 1660 901 1697 praeponens
933 1661 976 1686 se
1006 1651 1098 1687 illis.

408 1742 506 1777 Erat
544 1741 699 1775 omnino
739 1741 777 1776 in
810 1741 897 1777 eius
930 1743 1067 1776 natura
1097 1739 1280 1786 princeps
1312 1740 1382 1775 dos
1413 1741 1450 1775 et
1481 1739 1716 1786 reliquarum

298 1796 412 1843 quasi
446 1796 755 1843 fundamentum,
788 1793 1064 1843 εὐκολία,****)
1099 1795 1285 1843 facilitas,
1317 1798 1358 1830 ut
1391 1796 1541 1843 ingenii
1573 1797 1621 1831 ad
1653 1797 1718 1833 di-

297 1853 484 1890 scendum
515 1855 553 1888 et
582 1852 878 1900 inveniendum,
909 1851 964 1887 ita
995 1851 1110 1888 animi
1134 1852 1180 1886 ad
1214 1852 1397 1888 ferendos
1428 1852 1559 1888 varios
1589 1852 1718 1888 homi-

300 1920 387 1946 num
420 1919 568 1957 mores,
601 1908 931 1954 suscipiendaque
961 1911 998 1943 ct
1037 1919 1109 1943 sua
1141 1911 1178 1943 ct
1217 1908 1378 1944 aliorum
1420 1909 1599 1956 negotia:
1642 1920 1720 1954 qna

298 1966 493 2001 facilitate
524 1965 682 2000 multum
716 1975 784 2009 per
814 1968 933 1999 totam
966 1964 1082 1999 vitam
1115 1965 1320 1999 iux-abatur
1351 1964 1436 2000 sive
1467 1965 1514 2000 ad
1541 1963 1717 2001 felicita-

299 2025 390 2064 tem,
421 2022 507 2056 sive
537 2021 584 2055 ad
618 2021 822 2055 felicitatis
854 2020 1100 2065 opinionem3
1132 2023 1173 2055 ut
1207 2021 1402 2065 aequabili
1429 2031 1583 2066 semper
1614 2024 1720 2057 esset

236 2078 450 2125 30animo,
483 2077 616 2112 eodem
650 2077 782 2125 vultu,
815 2076 1004 2110 adversos
1036 2087 1152 2111 casus
1185 2077 1325 2112 leniter
1356 2077 1579 2125 exciperet,
1612 2079 1718 2122 pati-

301 2137 413 2170 enter
439 2133 645 2179 toleraret,
676 2142 825 2177 suaque
863 2132 948 2176 ipsc
977 2134 1081 2166 sorte
1112 2135 1319 2167 contentus
1360 2133 1523 2170 viveret.
1586 2136 1719 2181 Porro,

298 2189 399 2236 quod
431 2189 670 2225 Graecorum
701 2188 803 2223 dicto
818 2185 879 2237 ᾧ)
913 2188 1058 2235 fertur,
1086 2185 1244 2232 formae
1270 2190 1583 2233 pulcritudinem
1615 2191 1722 2225 omni

299 2246 626 2281 commendatitia
669 2244 836 2290 epistola
873 2245 966 2290 plus
1003 2245 1158 2290 valere,
1198 2254 1324 2290 neque
1355 2245 1452 2280 haec
1483 2245 1720 2282 Ruhnkenio

300 2407 332 2447 ·)
357 2410 431 2442 Cic.
456 2411 482 2441 l.
507 2410 550 2441 de
575 2409 642 2441 Off.
667 2409 722 2447 31,
748 2409 827 2442 110.
880 2410 1002 2452 Neque
1027 2413 1119 2443 em'm
1145 2413 1277 2444 attinet
1300 2420 1511 2450 repuynare
1539 2414 1722 2449 naturam

348 2465 412 2487 nec
436 2455 631 2497 quidquam
656 2457 771 2496 sequi,
797 2456 893 2496 qnod
918 2459 1062 2497 (ns-sequa·
1087 2464 1160 2487 non
1183 2466 1304 2498 quea-9.
1354 2457 1381 2488 F
1385 2459 1425 2488 B.

300 2519 346 2559 ⁸⁴)
372 2523 490 2561 Nepos
514 2524 646 2560 Attico,
671 2521 750 2552 11.:
775 2524 871 2553 fluxit
895 2525 1022 2555 dictum
1048 2523 1090 2554 ab
1109 2524 1315 2555 Heraclitea
1339 2525 1526 2556 sententia.
1552 2523 1633 2555 Vid.
1660 2524 1720 2554 Bi-

350 2566 473 2597 bliotn.
501 2566 588 2598 Crit.
615 2568 694 2598 Vol.
724 2567 783 2598 ΙΙΙ.
812 2569 903 2599 Part.
933 2569 959 2598 1.
984 2578 1015 2607 p.
1041 2567 1095 2598 19.

305 2629 368 2670 “‘J
393 2633 538 2664 Terent.
566 2634 673 2665 Andr.
698 2634 726 2672 Ι,
751 2634 782 2665 1.
811 2635 902 2673 [35]

305 2693 382 2736 Μ’)
407 2699 462 2730 cf.
487 2701 580 2732 infra
604 2709 682 2740 pag.
709 2702 763 2732 ed.
789 2711 841 2742 pr.
867 2703 944 2734 266.
992 2703 1065 2734 FB.

305 2765 348 2808 †)
372 2767 563 2799 Aristoteli
588 2769 746 2799 tribuunt
770 2769 874 2808 Diog.
902 2771 1020 2801 baert.
1050 2769 1091 2807 V,
1116 2768 1170 2800 18.
1195 2772 1231 2799 et
1255 2769 1430 2801 Stobaeus
1456 2771 1568 2804 Serm.
1595 2771 1719 2803 LXIV.

351 2820 386 2855 p.
410 2811 490 2844 408.
514 2810 555 2844 τὸ
581 2809 699 2849 κάλλος
724 2811 836 2853 πάσης
860 2814 1145 2859 συστατικώτερον
1171 2812 1361 2855 ἐπιστολῆς.
