1816 3233
627 216 933 259 -163—

71 332 239 370 libenter
261 332 435 381 legebat,
466 333 664 379 multaque
694 332 734 368 in
762 332 826 378 iis,
856 335 1014 378 propter
1043 331 1232 370 materiae
1259 331 1492 382 intelligen-

69 389 186 437 tiam,
217 387 365 425 rectius
396 389 630 435 acutiusque
656 389 1011 435 animadvertebat,
1042 399 1153 434 quam
1186 389 1315 426 adhuc
1343 391 1491 426 factum

70 450 165 494 erat,
197 455 416 492 novamque
435 446 602 482 subinde
620 445 674 481 iis
696 445 905 481 editionem
928 444 1162 481 destinabat.
1199 446 1280 482 Sed
1300 449 1340 482 et
1361 446 1493 492 linium,

69 504 109 538 et
125 501 288 538 aliorum
310 502 575 548 consiliorum,
599 503 791 547 effectum,
812 501 934 547 primo
953 501 1056 538 aliae
1074 501 1326 550 scriptiones,
1351 502 1494 539 deinde

68 561 256 595 senectus
287 561 326 594 et
355 569 458 594 mors
488 561 793 604 praeverterant.

182 615 283 652 Nam
313 624 427 660 quum
460 615 563 650 hunc
593 614 698 649 vitae
721 614 873 649 modum
903 624 1138 660 cursumque
1164 623 1350 661 prospera
1380 614 1494 651 vale-

70 670 207 707 tudine
235 670 284 706 ad
315 669 457 705 aetatis
496 680 636 706 annum
678 670 1011 718 septuagesimum
1045 675 1084 706 et
1115 674 1292 717 quartum
1326 670 1495 717 (1796.)

68 726 278 773 tenuisset,
308 736 356 762 ac
385 726 526 762 solitus
557 726 731 772 eorporis
754 728 869 773 vigor
897 727 971 762 hac
1003 737 1077 762 una
1107 727 1147 762 in
1178 730 1288 773 parte
1317 727 1495 763 imminui

69 781 294 827 videretur,
332 782 435 828 quod
476 782 579 818 inter
609 783 882 819 ambulandum
912 783 1111 820 anhelitus
1141 783 1339 829 aliquanto
1369 783 1496 831 magis

69 849 184 885 quam
204 841 320 874 antea
338 839 578 886 agitaretur3
610 839 850 884 supervenit,
880 849 1015 874 mense
1034 840 1148 885 lulio,
1180 839 1321 885 capitis
1339 839 1497 875 affectio

69 892 335 941 vertiginosa:
373 893 436 930 cui
471 904 561 930 mox
591 894 778 940 depulsae
809 899 1090 931 successerunt
1118 895 1266 930 indicia
1297 895 1498 941 hydropis,

70 961 157 988 eum
187 950 227 987 in
256 952 427 997 pectore,
458 953 538 986 tum
558 950 595 986 in
616 950 793 996 pedibus.
835 952 931 987 Erat
962 951 999 986 ei
1030 951 1218 993 medicus,
1249 954 1287 987 et
1317 951 1496 997 complu—

72 1006 174 1044 rium
203 1017 392 1043 annorum
421 1006 645 1052 quotidiana
670 1007 754 1042 fere
779 1007 1064 1051 consuetudine
1082 1007 1301 1055 familiaris,
1332 1009 1378 1043 H.
1399 1007 1498 1044 Cui-

70 1073 185 1110 pers,
216 1062 278 1098 vir
306 1073 393 1100 cum
424 1063 521 1098 artis
551 1063 740 1111 scientia,
772 1066 850 1098 tum
882 1063 967 1098 eius
998 1063 1238 1099 factitandae
1268 1063 1428 1099 solertia
1460 1066 1500 1099 et

70 1119 279 1162 felicitate,
309 1119 349 1155 in
371 1119 506 1165 primis
531 1119 709 1155 celeber:
743 1119 856 1154 cuius
879 1119 918 1154 in
947 1119 1184 1155 dexteritate
1214 1130 1262 1155 ac
1291 1119 1501 1167 diligentia

71 1175 125 1211 ita
148 1175 441 1222 acquiescebat,
471 1178 515 1211 ut
537 1175 728 1211 medicum
760 1175 875 1211 alium
907 1175 1153 1211 desideraret
1183 1175 1387 1221 neminem,
1418 1179 1498 1223 aut,

72 1231 108 1268 si
129 1231 252 1276 forte,
282 1231 356 1267 hoc
385 1230 470 1276 ipso
501 1234 682 1278 auctore,
712 1231 752 1266 in
784 1232 1012 1266 societatem
1042 1232 1258 1267 curationis
1289 1232 1326 1267 ei
1355 1231 1500 1266 adiun-

73 1290 187 1336 geret
205 1288 253 1325 N.
272 1288 317 1324 G.
339 1286 656 1332 Oosterdykium‚
685 1286 911 1323 Medicinae
933 1288 1215 1331 Professorem‚
1238 1287 1500 1324 clarissimum

73 1343 277 1380 doctrinae
305 1344 410 1379 fama
433 1346 473 1379 et
493 1352 568 1379 usu
595 1343 690 1379 artis
712 1343 852 1387 virum,
885 1344 961 1379 sibi
992 1346 1031 1379 et
1060 1344 1230 1392 collegio
1261 1347 1300 1379 et
1329 1344 1500 1380 amicitia
1519 1341 1601 1383 274

73 1400 188 1437 valde
218 1400 441 1446 probatum:
481 1400 546 1446 qui
577 1403 671 1436 tunc
699 1400 804 1446 item,
835 1402 878 1435 ut
907 1401 946 1436 in
976 1401 1215 1448 gravissima
1245 1411 1402 1447 caussa,
1431 1409 1502 1435 so-

76 1456 161 1493 cius
189 1461 386 1493 assumtus
413 1459 486 1492 est.
526 1457 746 1502 Caeterum,
776 1457 933 1492 morbus
962 1456 1195 1492 insanabilis
1224 1457 1281 1493 ita
1310 1456 1502 1493 tolerabi-

72 1513 126 1550 lis
155 1513 255 1561 fuit,
295 1516 338 1549 ut
367 1513 629 1549 Ruhnkenius
660 1513 697 1549 ei
727 1513 874 1548 sensim
911 1512 1192 1563 adsuesceret,
1233 1524 1306 1550 nec
1342 1511 1429 1560 ipse
1458 1523 1503 1549 se

75 1573 146 1606 aut
174 1573 380 1617 aegrotare
410 1579 663 1616 magnopere,
702 1573 770 1605 aut
799 1569 838 1605 in
870 1569 975 1605 vitae
1006 1570 1181 1615 periculo
1210 1570 1376 1616 versari,
1407 1580 1505 1605 sen-

74 1626 177 1662 tiret.
217 1626 318 1661 Nam
341 1626 515 1672 proximo
540 1629 725 1661 autumno
755 1625 963 1671 aliquoties
994 1629 1178 1662 venatum
1210 1626 1320 1673 exiit,
1348 1637 1393 1661 ac
1416 1627 1506 1662 fos-

74 1692 142 1718 sas
172 1682 293 1726 adeo,
332 1682 500 1728 pristino
529 1690 648 1727 more,
677 1682 898 1718 transsiliit.
960 1682 1095 1718 Hiems
1128 1682 1334 1729 deinceps,
1366 1684 1506 1727 pectus

74 1737 228 1786 frigore
258 1738 461 1783 afficiens,
491 1737 593 1773 domi
624 1747 712 1774 eum
742 1738 878 1774 tenuit.
929 1740 1128 1783 Sequente
1158 1741 1310 1774 aestate
1342 1737 1507 1785 (1797.)

78 1794 242 1831 multum
271 1797 498 1840 recreatus,
537 1794 651 1839 plane
686 1793 763 1829 sibi
803 1794 1052 1830 convaluisse
1096 1794 1331 1840 videbatur3
1373 1797 1416 1829 ut
1455 1793 1505 1828 ad

77 1853 248 1887 veterem
289 1851 395 1886 vitae
435 1847 756 1886 consuetudinem
798 1860 842 1886 se
881 1851 1070 1897 referret,
1119 1850 1319 1892 exeundo,
1368 1850 1508 1886 ambu-

80 1906 434 1957 lando,—agendo:
474 1916 544 1952 per
584 1909 809 1942 autumnum
850 1907 966 1942 etiam
1006 1907 1206 1942 venationi
1245 1906 1390 1952 aliquid
1432 1905 1508 1941 tri-

80 1962 237 2014 bueret,
270 1962 339 2000 sed
371 1962 570 2008 aliquanto
600 1962 729 1997 minus
761 1972 872 2007 quam
904 1962 1107 2006 superiore
1137 1971 1251 1997 anno.
1310 1963 1350 1997 A
1382 1971 1509 1997 vena-

79 2018 211 2067 tione,
251 2022 296 2055 ut
325 2017 493 2054 subinde
523 2017 675 2053 solebat
703 2017 809 2061 fieri,
851 2017 1071 2052 catarrhum
1102 2017 1258 2053 retulit:
1299 2016 1362 2062 qui
1393 2021 1510 2053 antea

80 2074 136 2111 nil
167 2075 303 2110 oberat
332 2073 567 2120 valetudini,
599 2084 702 2109 nunc
731 2073 779 2108 ad
810 2072 1022 2119 hydropem
1048 2074 1259 2121 accedens,
1291 2073 1508 2121 graviorem

56 2130 120 2168 ·in
161 2131 312 2167 modum
343 2134 482 2176 pectus
512 2130 614 2165 tussi
644 2129 853 2165 afficiebat.
903 2130 993 2175 Ipse
1025 2130 1077 2165 nil
1108 2130 1183 2165 nisi
1213 2130 1353 2165 tussim
1385 2140 1407 2166 e
1437 2140 1511 2165 ca-

48 2221 51 2224 i
82 2186 215 2223 tax-rho
257 2186 466 2233 profectam
507 2185 709 2233 cogitans,
750 2185 915 2221 hiemem
954 2186 1054 2221 domi
1084 2185 1294 2231 tranquillo
1326 2189 1364 2221 et
1393 2184 1511 2222 hilari

82 2243 210 2280 animo
229 2242 357 2291 degit,
387 2252 462 2278 non
493 2241 580 2277 sine
611 2252 680 2287 spe
712 2241 891 2276 sanitatis
923 2242 995 2276 sub
1026 2251 1185 2277 vernum
1218 2245 1369 2287 tempus
1390 2251 1512 2277 recu-

24 2341 32 2346 *
82 2298 296 2346 perandae.
356 2297 525 2344 Scripsit
554 2297 602 2332 ad
632 2307 694 2332 me
735 2296 796 2344 (d.
829 2295 896 2333 23.
929 2297 1088 2343 Martii,
1132 2296 1303 2345 179S.]:
1346 2297 1511 2345 „Animi

84 2355 293 2404 „hilaritas
324 2354 460 2390 eadem
492 2355 576 2399 est,
619 2363 717 2397 quae
755 2353 956 2397 superiore
997 2364 1110 2389 anno.
1169 2353 1247 2390 Sed
1283 2353 1408 2389 tussis
1439 2364 1512 2389 ca-

83 2410 308 2474 „tan-halis,
339 2410 502 2445 senibus
533 2410 691 2455 infesta,
722 2412 861 2454 pectus
893 2412 931 2444 et
960 2410 1148 2445 abdomen
1177 2410 1232 2446 ita
1262 2412 1439 2457 quassat,
1470 2411 1515 2445 ut

88 2467 288 2514 „eorporis
321 2466 425 2501 vires
455 2465 576 2501 minui
609 2475 772 2500 necesse
804 2465 864 2501 sit
912 2465 1064 2501 Medici
1094 2470 1223 2501 tamen
1254 2476 1325 2501 nos
1355 2475 1516 2511 sperare

88 2522 250 2570 „iubent
279 2524 479 2573 futurum,
510 2525 553 2558 ut
582 2521 695 2556 v·eini
726 2521 911 2567 temporis
941 2521 1147 2557 clementia
1177 2522 1269 2558 huic
1298 2521 1398 2557 malo
1429 2531 1516 2557 me-

90 2578 294 2626 ,‚deatur.“
351 2580 436 2614 Hae
475 2577 638 2614 ultimae
678 2578 836 2613 fuerunt
879 2577 964 2612 eius
994 2578 1042 2613 ad
1071 2588 1133 2613 me
1163 2578 1332 2623 scriptae
1362 2577 1513 2615 literae.
1530 2581 1613 2620 275

88 2635 194 2671 Veni
233 2635 375 2670 deinde
415 2634 465 2669 ad
507 2644 593 2669 eum
634 2633 694 2681 [d.
728 2632 793 2670 18,
824 2633 1022 2682 Aprilis),
1069 2645 1115 2670 ae
1154 2645 1223 2680 per
1264 2633 1514 2679 quatriduum

91 2689 192 2727 domi
222 2691 310 2727 eius
341 2691 413 2726 fui.
471 2691 522 2726 Et
553 2689 653 2736 quod
685 2690 781 2726 Cato
794 2688 835 2737 *)
867 2694 1017 2738 narrat,
1060 2700 1103 2726 se
1134 2689 1177 2732 Q.
1206 2690 1318 2727 Fabii
1348 2689 1514 2727 Maximi

89 2807 122 2850 Ἴ
144 2811 248 2852 Apud
272 2810 487 2845 ciceronem
511 2812 554 2844 de
579 2813 781 2852 Senectute,
808 2820 882 2852 cap.
902 2811 963 2843 IV.

1162 2854 1243 2894 11*
