1833 3237
111 323 187 361 lem
212 323 291 364 ,sibi
320 321 448 360 virum
477 324 742 372 informasset,
771 325 847 360 iam
883 334 1072 370 praesens
1107 325 1275 370 aliquem
1305 326 1428 362 Deum
1458 326 1523 362 vi·-

113 381 205 416 dere
234 379 312 416 sibi
340 380 552 416 videretur.
611 379 712 417 Huic
740 379 866 427 igitur
895 380 1035 415 similis
1064 381 1149 416 fieri
1173 380 1382 417 ‘studebatz
1419 382 1524 417 hunc

111 435 198 471 dies
228 438 443 481 noctesque
471 436 548 472 sibi
576 435 835 481 proponebat:
865 435 982 470 huius
1012 435 1060 471 ab
1081 446 1146 472 ore
1165 437 1377 481 pendebat:
1406 437 1525 473 huius

111 501 181 537 per
210 501 282 527 sex
311 491 497 538 deinceps
527 500 648 527 annos
678 491 823 526 scholis
853 491 1051 527 assiduam
1081 501 1237 537 operam
1282 490 1527 540 navabat:*)

69 656 73 657 ⁷
112 642 144 681 ⁸)
170 645 266 676 Haec
292 647 329 677 ut
353 647 451 676 recte
474 644 732 686 intelligantur,
757 647 940 686 sequentia
966 646 1116 678 tenenda
1140 649 1232 677 sunt.
1281 647 1318 678 ln
1344 648 1524 678 Bataviam

157 697 283 721 recens
314 689 452 720 advena
483 689 718 720 Ruhnkenius
753 699 845 722 anno
876 691 1072 730 superioris
1103 692 1219 722 seculi
1243 692 1370 724 XLIV.
1396 693 1525 722 aetatis

156 734 254 765 xxi.
280 735 398 764 statim
433 734 634 772 praefectus
665 738 720 765 est
750 735 876 766 studiis
905 737 1126 766 Meermanni
1159 738 1308 767 minoris
1340 738 1389 773 [is
1414 737 1527 767 frater

158 782 235 809 erat
254 778 407 809 Gerardi
431 778 534 817 paulo
557 783 641 809 ante
664 781 890 817 memorati];
915 788 995 811 cum
1021 787 1134 819 eoque
1158 784 1231 812 tres
1252 783 1329 812 fere
1353 788 1464 811 annos
1489 782 1526 810 in

157 824 224 854 hac
250 823 445 855 Academia
470 822 646 862 traduxit,
671 825 722 854 ita
748 828 785 855 ut
810 827 846 855 et
868 825 923 855 illi
948 827 1041 856 viam
1066 827 1101 855 in
1132 826 1247 857 literis
1280 826 1459 866 praeiret,
1491 827 1527 855 et

155 875 320 907 magnam
343 867 415 897 diei
447 871 583 904 partem
607 875 820 898 summorum
845 871 1005 900 virorum
1030 870 1174 908 scholis,
1198 871 1266 902 sibi
1291 873 1368 909 ipse
1392 877 1526 900 consu-

155 911 246 951 lens,
273 911 455 942 tribueret.
490 926 528 931 -
577 911 746 941 Triennio
772 919 881 951 prope
911 914 965 943 sic
996 917 1195 949 transacto,
1227 914 1527 945 Amstelodamum

155 957 344 996 migravit,
375 956 411 985 in
441 954 711 987 contubernium
745 956 769 986 l.
804 957 843 986 Ρ.
871 957 1074 995 D’Orvillii,
1110 958 1152 988 V.
1180 958 1246 998 CL,
1272 961 1323 988 ita
1348 962 1463 988 tamen
1489 959 1528 987 ut

157 1000 234 1031 fere
263 999 417 1039 singulis
447 998 722 1030 hebdomadibus
753 1001 960 1041 Lugdunum
986 1006 1214 1033 excurreret:
1247 1011 1314 1043 quo
1351 1010 1428 1032 eum
1454 1010 1525 1032 non

155 1045 272 1075 solum
295 1044 358 1074 lux
381 1043 611 1084 Academiae,
635 1046 672 1075 in
703 1046 828 1084 primis
851 1050 970 1076 autem
995 1047 1274 1086 Hemsterliusii,
1306 1047 1367 1077 sed
1391 1045 1527 1076 Biblio-

158 1089 259 1119 theca
291 1090 398 1119 etiam
430 1088 590 1127 publica,
628 1090 782 1128 antiquis
820 1091 1034 1121 membranis
1073 1092 1226 1128 referta,
1265 1091 1449 1122 invitabat.
1482 1106 1528 1112 —-

158 1133 369 1172 Enimvero,
401 1140 472 1163 non
502 1134 572 1163 nisi
603 1133 644 1163 ad
679 1134 787 1164 breve
820 1138 956 1173 tempus
979 1136 1015 1165 iu
1043 1133 1224 1166 D'Orvillii
1252 1138 1419 1166 convictu
1444 1142 1527 1175 per-

155 1179 296 1216 mansit,
319 1178 519 1208 abstractus
543 1177 626 1208 inde
650 1180 865 1210 auctoritate
889 1179 1316 1219 celsissimaedignitatis
1339 1181 1432 1220 Viri,
1457 1178 1528 1210 Or-

156 1222 230 1253 dim·
254 1222 413 1252 Statuum
439 1221 666 1252 Generalium
691 1222 881 1263 adscripti,
906 1226 965 1263 qul
989 1232 1092 1262 eum,
1118 1227 1300 1264 proposita
1326 1225 1529 1255 certissima

156 1267 408 1299 Professoriae
439 1266 638 1298 cathedrae
672 1267 886 1299 obtinendae
908 1276 991 1308 spe,
1015 1271 1124 1308 unici,
1150 1276 1252 1308 quem
1278 1269 1438 1307 habebat,
1461 1267 1531 1298 filii

157 1311 286 1343 studiis
317 1311 541 1351 moribusque
572 1311 766 1351 praeficere
798 1316 966 1350 conatus,
1007 1314 1144 1344 tandem
1178 1321 1221 1344 eo
1260 1313 1444 1354 perduxit,
1477 1316 1528 1351 ut,

158 1359 316 1397 quamvis
349 1363 456 1397 aegre
488 1355 658 1388 deserens
700 1357 819 1387 Musas
857 1356 1141 1399 D’Orvlllianas,
1181 1358 1413 1389 Rulmkenius
1446 1365 1527 1389 cum

123 1437 129 1440 μ
156 1403 236 1434 Viri
260 1402 500 1433 illustrissimi
523 1400 596 1432 filio
622 1402 887 1432 Amstclodamo
911 1402 1121 1441 Lugdunum
1146 1410 1185 1433 se
1209 1404 1409 1434 conferret:
1434 1402 1526 1442 quod

159 1447 227 1478 fuit
249 1455 282 1478 a.
311 1445 414 1477 1747.
439 1453 559 1477 mense
584 1447 756 1486 Augusto.
786 1464 821 1469 —
850 1447 1059 1487 Lugdunum
1085 1449 1206 1487 redux,
1229 1457 1296 1488 qua
1312 1449 1362 1479 ihi
1381 1449 1529 1486 primum

161 1492 294 1522 vixerit
327 1491 550 1530 conditione,
584 1491 771 1522 literarum
803 1491 930 1522 studiis
961 1493 1090 1529 multo,
1121 1501 1223 1532 quam
1257 1494 1307 1524 rei
1330 1491 1528 1529 faciendae,

159 1537 271 1576 magis
295 1539 510 1576 opportuna,
545 1542 624 1566 cum
648 1543 691 1566 ex
721 1536 803 1566 aliis
835 1537 1052 1575 intelligitur
1075 1537 1314 1576 Epistolarum
1348 1539 1392 1569 ad
1418 1536 1528 1568 D'Or-

160 1581 297 1611 villium
321 1580 470 1620 [Opusc.
494 1580 636 1611 Ruhnk.
661 1581 759 1612 'rom.
787 1581 827 1611 ll.
853 1590 934 1621 pag.
957 1581 1036 1613 801.
1062 1582 1156 1622 sqq]
1182 1583 1293 1621 locis,
1320 1585 1390 1613 tum
1416 1588 1459 1611 ex
1484 1588 1528 1611 eo

160 1625 273 1664 quod,
307 1628 429 1664 spreta
460 1626 638 1656 hominum
673 1626 979 1664 Amplissimorum
1016 1633 1095 1656 eum
1131 1627 1263 1657 Leidae
1302 1627 1527 1657 evocantium

163 1669 356 1704 voluntate,
379 1665 493 1699 malle
515 1677 572 1710 se,
597 1671 660 1706 ait,
682 1677 797 1708 parce
820 1680 865 1701 ac
890 1670 1050 1700 tenuiter
1074 1671 1215 1710 vivere,
1240 1679 1351 1710 quam
1376 1670 1528 1700 loomim·-

161 1712 228 1745 bus
258 1712 441 1754 opulentis
472 1713 546 1743 illis
576 1713 723 1753 quidem
753 1713 814 1744 sed
844 1711 1008 1751 ἀμούσοις
1042 1722 1192 1754 operam
1214 1723 1321 1746 suam
1345 1715 1530 1745 addicere.

163 1758 299 1796 Quibus
329 1757 449 1788 verbis
473 1764 561 1796 quos
591 1757 850 1796 significaverit
883 1759 1042 1788 homines
1068 1759 1168 1788 nobis
1193 1758 1332 1797 quidem
1357 1766 1427 1789 non
1452 1765 1530 1788 ma—

161 1804 217 1840 gis
240 1803 364 1842 liquet,
387 1809 489 1840 quam
510 1801 588 1840 quis
612 1801 722 1832 fuerit
746 1801 955 1840 magnificae
979 1802 1090 1841 illius,
1115 1810 1217 1841 quam
1238 1810 1346 1841 supra
1367 1801 1531 1842 diximus,

161 1847 413 1887 promissionis
437 1846 566 1876 exitus.
626 1846 775 1877 Tantum
814 1848 974 1884 constat,
1007 1854 1086 1877 eum
1118 1847 1283 1885 proximo
1309 1855 1402 1878 anno
1426 1846 1530 1877 1743.

162 1892 296 1923 lautius
326 1890 515 1929 degentem
537 1889 658 1922 studia
680 1890 897 1921 moderatum
923 1898 1003 1921 esse
1034 1891 1165 1922 nobilis
1197 1891 1358 1933 Iuvenis,
1390 1892 1531 1923 Nicolai

161 1936 206 1967 de
218 1936 438 1974 Diei-quens:
464 1941 625 1975 quocum,
649 1935 850 1966 valetudine
873 1937 988 1966 minus
1012 1943 1181 1975 prospera
1202 1938 1336 1977 utente,
1356 1936 1398 1967 ad
1416 1938 1532 1967 aviam

162 1982 262 2021 eius,
286 1982 484 2012 matronam
507 1979 846 2019 splendidissimam,
877 1979 1036 2009 Harlemi
1061 1980 1295 2021 habitantem,
1317 1981 1531 2020 aliquamdiu

161 2025 399 2058 secedendum
422 2022 476 2054 illi
500 2024 621 2054 fuerit.
671 2025 786 2063 Atque
810 2025 877 2054 huc
902 2025 1091 2063 pertinent,
1121 2033 1211 2064 quae
1242 2027 1408 2057 universe
1438 2027 1531 2057 scri-

160 2071 232 2110 psit
255 2068 556 2108 wyttenbachius
579 2068 673 2099 infra
698 2067 796 2107 p.3l.
816 2068 992 2108 parentes
1008 2077 1090 2099 eum
1106 2068 1195 2108 filiis
1217 2077 1362 2102 morum
1386 2070 1531 2101 stndioae

162 2122 318 2154 ‘rumque
346 2111 579 2154 praefectum
602 2112 802 2152 crdiunqere
825 2114 1020 2153 cupivisse,
1041 2115 1158 2154 ipsum
1182 2115 1307 2146 autem
1332 2115 1532 2146 huiusmodi

164 2159 347 2190 stationes
370 2156 554 2188 lubentem
577 2158 774 2197 accepisse,
799 2164 878 2188 cum
901 2166 969 2189 suo
993 2159 1103 2197 ipsius
1127 2159 1270 2197 iudicio,
1294 2162 1364 2190 tum
1383 2163 1533 2189 auctore

166 2203 455 2238 Eemsterhusio,
481 2203 622 2233 eumin
645 2203 790 2232 Batavia
824 2203 983 2233 retinere
1015 2203 1168 2234 volente.
1224 2204 1278 2233 Cf.
1311 2205 1393 2233 item
1419 2212 1452 2242 p.
1476 2202 1534 2233 63.

166 2252 204 2280 et
225 2248 280 2278 98.
327 2247 402 2278 Nec
425 2248 543 2277 minus
568 2247 635 2277 huc
657 2247 855 2285 referenda,
880 2254 970 2283 (uiae
995 2249 1135 2277 exstitit
1158 2248 1192 2276 ei
1211 2255 1288 2278 cum
1306 2248 1437 2278 illustri
1461 2247 1534 2277 Fa-

164 2293 342 2334 geliorum
374 2291 490 2322 Gente
519 2291 746 2322 necessitudo
762 2313 770 2330 ,
804 2289 937 2321 tradito
974 2292 1007 2320 ei
1031 2292 1067 2321 in
1093 2291 1313 2330 disciplinam
1337 2292 1533 2323 Francisco

123 2347 125 2349 ·
165 2337 334 2377 Fager,
366 2337 520 2374 optimae
550 2337 628 2366 viro
664 2335 810 2373 indolis,
841 2335 902 2365 sed
933 2337 1068 2374 patriae
1099 2338 1213 2376 magis
1237 2339 1397 2374 ostenso,
1430 2344 1534 2376 quam

165 2381 261 2413 dato.
309 2380 419 2412 Cuius
443 2380 709 2420 familiaritatiS,
734 2382 801 2410 etsi
825 2387 893 2419 quo
912 2384 1072 2418 tempore
1088 2382 1227 2412 initium
1246 2382 1532 2421 incideritigno-

167 2433 298 2466 ramus,
322 2426 411 2456 satis
437 2427 554 2455 tamen
574 2428 672 2455 certa
696 2427 819 2456 extant
842 2424 973 2456 indicia
996 2426 1031 2455 in
1055 2425 1182 2457 dicatis
1206 2430 1330 2465 postea
1351 2427 1443 2466 huic,
1466 2426 1533 2456 hu-

165 2473 291 2510 iusque
322 2469 408 2500 filiis
441 2470 597 2500 Heni-ico
629 2472 664 2500 et
686 2469 837 2507 Iacobo,
870 2470 997 2500 Rutilii
1020 2469 1113 2510 Lupi
1137 2474 1174 2502 et
1195 2471 1328 2502 Velleii
1351 2471 1532 2502 Paterculi

167 2515 391 2546 editionibus.
437 2513 622 2555 Ceterum,
649 2517 687 2545 ut
712 2514 803 2545 unde
826 2514 986 2554 digressa
1010 2518 1065 2546 est
1087 2515 1213 2546 redeat
1236 2517 1370 2554 oratio,
1395 2516 1535 2547 videtur

167 2561 211 2592 ab
234 2567 278 2591 eo
301 2559 383 2590 inde
408 2559 590 2599 tompore,
614 2566 682 2598 quo
707 2568 728 2590 a
751 2559 936 2590 D’Orvillii
958 2559 1068 2590 latere
1101 2563 1322 2597 secesserat,
1359 2561 1533 2592 domicilii

169 2606 287 2636 sedem
311 2604 478 2644 deinceps
501 2606 706 2635 constanter
729 2608 789 2635 aut
812 2604 993 2645 Lugduni,
1016 2607 1078 2635 aut
1100 2607 1134 2635 in
1161 2606 1238 2635 eius
1271 2606 1368 2636 urbis
1400 2607 1534 2636 vicinia

170 2649 335 2680 habuisse
365 2648 617 2687 Ruhnkenius,
654 2648 911 2680 Hemsterhusii
936 2649 1069 2679 scholis
1100 2651 1244 2689 suisque
1266 2651 1342 2689 ipse
1366 2651 1533 2689 privatim

169 2693 294 2724 studiis
324 2693 504 2724 assiduam
536 2700 679 2732 operam
703 2701 837 2725 navans
869 2693 1020 2731 tamdiu,
1053 2694 1168 2724 donec
1197 2694 1285 2725 illud
1317 2695 1534 2733 explevisset

170 2738 334 2770 seoeennii
355 2739 518 2777 spatium,
542 2739 585 2769 de
608 2746 676 2777 quo
702 2737 825 2770 scribit
849 2739 922 2778 Wy
927 2738 1158 2770 ttenbacliiuS.
1206 2738 1271 2770 Cui
1295 2739 1377 2778 quid
1403 2746 1534 2771 causae

172 2781 298 2823 fuerit,
330 2789 394 2814 cur
426 2786 486 2815 aut
519 2782 723 2824 DOrvillii,
753 2784 814 2815 aut
837 2784 1050 2824 reliquorum
1085 2780 1171 2824 quos
1195 2786 1464 2824 nominavimus,
1489 2791 1535 2815 ne
