1816 3233
879 196 1184 234 ‚148—

323 309 500 345 benivole
531 307 796 354 promittebat,
826 312 864 344 et
902 309 1131 355 promissam
1170 311 1306 344 sancte
1336 310 1567 354 praestabat.
1625 311 1732 354 Quae

323 376 452 411 opera,
483 368 523 399 ut
554 363 593 398 in
623 363 712 398 aliis
744 364 872 400 multis
903 366 1033 411 rebus,
1064 364 1120 400 ita
1149 364 1188 399 in
1219 375 1265 400 eo
1283 365 1449 401 maxime
1467 370 1622 402 versata
1655 370 1728 409 est,

324 426 366 456 ut
396 430 467 454 sua
508 420 837 456 commendatione
879 420 1054 456 homines
1091 420 1252 456 idoneos
1293 420 1444 456 idoneis
1473 422 1511 457 in
1552 422 1730 458 muneri-

324 478 394 511 bus
423 479 597 521 poneret,
628 476 769 521 quibus
799 484 959 512 strenue
989 476 1308 512 administrandis
1337 479 1376 512 et
1413 477 1489 522 ipsi
1531 478 1608 514 sibi
1637 479 1730 514 lau-

322 531 408 566 dem
444 531 717 577 fortunamque
755 536 957 580 parerent,
999 535 1037 568 et.
1084 533 1233 578 patriae
1277 531 1433 578 publice
1469 533 1729 579 privatimque

321 586 525 622 utilitatem
557 587 765 625 adferrent.
826 590 1017 637 Longum,
1049 599 1121 624 nec
1142 597 1254 638 opus,
1286 591 1346 623 est
1367 598 1585 635 recensere,
1616 600 1728 635 quam

323 642 454 678 multis
484 643 568 679 eius
598 645 790 689 profuerit
826 645 1125 680 commendatio:
1158 655 1274 680 unum
1315 645 1431 680 huius
1469 645 1629 692 generis
1666 646 1731 680 lo-

323 705 409 735 cum
458 700 675 745 praeterire
725 710 885 745 nequeo.
962 702 1124 737 Constat
1167 700 1460 742 Ruhnkenium‚
1510 712 1581 736 non
1621 702 1732 737 modo

323 755 611 801 Professorem,
658 757 725 790 sed
774 756 902 792 adhuc
949 757 1166 801 privatum,
1218 756 1389 792 virorum
1428 757 1467 791 in
1507 768 1550 792 re
1575 756 1732 802 publica

322 811 552 859 principum,
585 811 778 857 huiusque
810 813 1051 848 Academiae
1083 813 1333 858 curatorum,
1369 813 1500 860 gratia
1529 813 1729 849 floruisse:

323 877 485 913 eamque
522 867 690 915 gratiam
734 869 920 911 maxime,
961 872 1146 914 quantum
1185 872 1332 915 posset,
1361 868 1408 903 ad
1440 868 1539 905 hanc
1569 869 1731 905 Acade-

322 924 436 958 miam
467 923 686 970 augendam
725 924 1070 970 illustrandamque
1099 925 1334 960 contulisse:
1375 934 1530 970 semper
1569 925 1732 970 quodam

224 980 304 1018 249
324 979 437 1025 quasi
466 979 661 1016 desiderio
692 983 731 1015 et
760 981 974 1026 cupiditate
1004 982 1216 1028 flagrasse,
1257 980 1374 1016 huius
1406 981 1645 1016 Academiae
1683 980 1732 1016 ad

322 1035 416 1070 illud
456 1035 739 1082 magnitudinis
779 1036 983 1084 fastigium
1023 1036 1268 1080 evehendae,
1305 1039 1347 1070 ut
1387 1036 1485 1070 alias
1524 1037 1730 1072 Musarum

323 1090 439 1126 sedes
471 1092 664 1139 obrueret,
696 1094 802 1127 certe
830 1092 884 1127 ita
916 1095 1031 1137 caput
1060 1092 1162 1127 inter
1199 1101 1266 1126 eas
1297 1092 1465 1137 efferret,

436 1167 628 1210 Quantum
658 1169 762 1205 lenta
791 1170 915 1206 solent
946 1169 1047 1204 inter
1077 1169 1242 1205 viburna
1271 1165 1521 1216 cupressi:*)

324 1247 440 1292 idque
471 1251 578 1282 recte
608 1247 801 1283 iudicavit
834 1248 888 1283 ita
918 1259 961 1283 se
991 1247 1156 1284 maxime
1188 1250 1428 1292 effecturum,
1458 1247 1493 1282 si
1523 1246 1562 1282 in
1595 1247 1734 1282 vacuis

325 1303 540 1349 quibusque
571 1303 768 1339 cathedris
798 1308 1045 1350 praestantes
1084 1304 1263 1340 doctrina
1304 1305 1550 1340 Professores
1581 1303 1736 1338 consti-

322 1359 488 1395 tuendos
519 1359 771 1396 Curatoribus
803 1361 1100 1396 commendaret.
1160 1361 1288 1408 Igitur
1317 1359 1356 1395 in
1389 1359 1499 1394 novis
1525 1360 1734 1394 Professo-

323 1416 431 1450 ribus
475 1415 686 1464 vocandis,
724 1417 951 1452 Ruhnkenii
990 1426 1165 1462 semper,
1213 1416 1275 1452 vel
1316 1415 1640 1459 commendando,
1670 1415 1733 1450 vel

323 1471 535 1518 probando,
565 1471 730 1508 maxime
761 1473 884 1508 valuit
912 1472 1183 1519 iudicium.**)

437 1526 577 1574 Magni
613 1529 729 1564 animi
765 1529 885 1564 multa
922 1528 1173 1575 insigniaque
1211 1524 1318 1563 dedit
1346 1526 1573 1572 specimina,
1602 1526 1666 1561 vel
1695 1527 1734 1561 in

324 1582 576 1630 negligendis
607 1583 768 1620 aliorum
801 1585 956 1620 iniuriis
987 1590 1023 1621 et
1055 1584 1288 1629 maledictis,
1318 1583 1382 1618 vel
1410 1584 1450 1618 in
1481 1586 1737 1618 contemnen-

325 1640 385 1674 dis
416 1638 579 1685 divitiis,
611 1641 673 1675 vel
704 1641 743 1676 in
763 1642 942 1677 fortunae
966 1641 1172 1687 iniquitate
1194 1640 1372 1687 ferenda,
1403 1639 1466 1675 vel
1485 1639 1526 1674 in
1546 1638 1736 1674 domesti÷

325 1696 383 1731 cis
414 1695 700 1732 calamitatibus
730 1697 953 1732 tolerandis.
1012 1698 1149 1734 Delata
1194 1697 1270 1742 ipsi
1301 1696 1519 1731 Literarum
1549 1694 1737 1730 cathedra

326 1750 485 1786 aliorum
529 1751 716 1787 invidiam
757 1754 1016 1789 excitaverat:
1061 1763 1108 1789 ex
1150 1753 1223 1788 hoc
1263 1762 1444 1798 numero,
1483 1751 1548 1796 qui
1579 1750 1735 1786 venusti

326 1816 417 1841 esse
448 1806 606 1851 vellent,
638 1818 723 1842 eum
755 1809 1111 1854 Epigrammatibus
1142 1808 1343 1853 petebant,
1373 1806 1602 1852 praesertim
1631 1809 1734 1841 tem-

326 1872 420 1907 pore
438 1872 485 1897 ac
508 1863 663 1898 nomine
682 1865 917 1909 nuptiarum,
934 1862 1011 1911 ***)
1030 1863 1210 1900 Herculis
1230 1873 1315 1899 cum
1328 1862 1516 1907 Omphale
1535 1862 1737 1910 negotium

326 1919 364 1952 in
415 1918 540 1962 ipsum
580 1920 928 1960 accommodantes.
989 1921 1080 1966 Ipse
1122 1920 1285 1955 istorum
1327 1917 1600 1953 maledicentia
1637 1918 1735 1953 adeo

326 1983 399 2008 non
431 1977 645 2009 commotus
676 1982 749 2019 est,
779 1980 821 2010 ut
852 1985 918 2010 eos
950 1975 1106 2023 rideret,
1138 1985 1184 2010 ac
1214 1984 1352 2010 versus
1390 1974 1478 2008 illos
1509 1974 1646 2009 amicis
1664 1984 1735 2019 per

326 2030 451 2064 iocum
490 2029 697 2078 recitaret,
738 2041 809 2066 nec
849 2031 1004 2077 publice
1044 2031 1132 2078 quid
1174 2033 1403 2075 reponeret,
1442 2029 1621 2075 privatim
1663 2029 1736 2065 hoc

327 2094 445 2120 unum
495 2084 664 2132 diceret,
713 2087 819 2122 1stos
865 2086 1023 2133 quidem
1074 2091 1296 2133 poetastros
1335 2096 1417 2122 non
1454 2087 1580 2132 mayis
1624 2095 1734 2132 curo,

329 2150 449 2187 quum
478 2150 648 2188 muscas,
680 2142 864 2178 Herculis
894 2144 1090 2191 eoeemplo,
1130 2144 1197 2190 qui

501 2216 588 2257 Οὐδ’
616 2214 728 2257 ὅσσον
765 2225 872 2267 μυίας
902 2222 1083 2269 σιυγερῶιν
1113 2221 1287 2268 ἐμπάζετο
1309 2217 1518 2268 pn3m11.†]

228 2298 309 2333 250
329 2297 430 2340 Quid
468 2297 506 2332 ei
537 2307 623 2333 cum
654 2298 889 2344 Burmanno,
921 2297 1162 2343 Schradero,
1191 2297 1350 2333 Klotzio
1388 2296 1681 2342 intercesserit3
1712 2307 1735 2331 a

325 2441 354 2478 ·)
379 2441 509 2481 Virgil-
556 2440 678 2480 Eclog.
704 2440 732 2480 1,
763 2440 819 2472 26.
1167 2480 1169 2483 ⁴

325 2505 370 2546 ‘·)
394 2506 449 2538 Cf.
472 2514 578 2546 supra
601 2515 681 2546 pag.
706 2507 760 2538 ed.
785 2516 839 2547 pr.
863 2507 918 2539 87.
943 2516 995 2548 sq.
1023 2507 1099 2540 113.
1127 2508 1203 2540 153,
1225 2509 1304 2541 215.
1327 2509 1400 2541 FB.

330 2571 388 2613 ⁰⁸)
415 2572 469 2604 Cf.
496 2581 602 2614 supra
626 2582 706 2615 pag.
731 2573 809 2604 119.
841 2583 893 2614 sq.
919 2574 989 2606 FB.

332 2636 378 2680 †)
411 2641 522 2671 vetus
553 2639 663 2672 Poe'ta
697 2641 785 2680 apud
817 2641 1038 2674 Plutarchum
1073 2642 1158 2683 Opp.
1191 2643 1280 2674 Mor.
1314 2653 1345 2682 p.
1377 2642 1432 2674 90.
1466 2643 1508 2673 D.
1537 2642 1595 2673 ubi
1629 2642 1735 2682 plura
1768 2650 1775 2661 ¹

378 2684 584 2716 adferemus.
617 2686 814 2718 Wrrrssxn.
842 2704 883 2709 —
900 2687 1007 2719 Plura
1030 2687 1123 2719 dedit
1144 2688 1261 2727 Wytt.
1285 2690 1320 2718 in
1341 2689 1493 2719 editione
1510 2688 1599 2718 Plut.
1616 2686 1733 2718 Oxou.

376 2728 434 2805 Τ.ῐ
449 2729 527 2804 &El-R
543 2739 574 2769 p.
601 2730 675 2760 309.
701 2731 803 2762 form.
829 2737 941 2771 quart.
967 2732 1060 2763 Tom.
1093 2731 1152 2763 Vl.
1185 2736 1279 2764 Part.
1311 2733 1336 2762 1.
1369 2742 1401 2772 p.
1426 2733 1502 2764 629.
1528 2739 1600 2772 seq.
1627 2732 1733 2763 form.

375 2780 418 2804 oc
437 2795 445 2803 .
530 2795 540 2803 .

1497 2857 1513 2865 s
