1833 3237
623 206 928 246 -113-

69 319 222 366 quidem
251 320 365 356 finem
396 319 626 367 contingere
655 321 740 357 fata
770 329 858 356 eum
879 319 1068 356 siverunt.
1126 321 1226 357 Nam
1255 321 1344 357 dum
1375 324 1478 358 totus

68 376 106 411 in
140 377 214 412 hoc
241 379 470 422 argumento
499 379 692 422 versatur,
713 375 881 412 subinde
911 386 996 412 cum
1029 377 1198 412 naturali
1227 377 1295 412 illo
1324 377 1479 423 ipsique

68 431 221 478 proprio
253 431 509 476 perfectionis
532 428 571 478 *J
608 431 804 467 desiderio
842 431 889 466 ad
921 432 1154 477 expolienda
1186 436 1334 477 vetera,
1378 434 1477 470 Elo-

66 486 174 534 gium
215 488 603 524 Hemsterhusianum
647 491 686 523 et
724 487 942 533 Velleium,
992 492 1216 524 revocatur:
1263 492 1342 524 tum
1389 500 1480 525 vero

66 540 236 590 (1784)
267 553 364 578 novo
395 542 509 578 etiam
541 542 705 578 consilio
736 543 782 577 ad
815 543 965 578 edenda
985 542 1132 578 Mureti
1163 555 1280 589 opera
1311 555 1479 580 conver-

66 597 173 636 titur.
232 600 290 635 De
319 599 381 634 his
410 598 513 634 infra
542 598 730 635 dicemus.
777 601 873 635 Tum
905 608 1057 644 quoque
1087 599 1284 635 Himerius
1316 603 1480 636 Werns-

66 654 286 699 dorfianus‚
327 655 456 690 adhuc
494 654 688 702 scriptus,
727 654 868 690 dudum
910 655 949 690 in
990 655 1198 690 Germania
1227 656 1410 701 iactatus,
1442 661 1480 692 et

65 710 287 756 bibliopolis
325 711 472 746 frustra
513 711 679 757 oblatus,
719 710 766 745 ad
796 711 1173 747 Mutzenbecherum
1205 712 1329 746 virum
1361 723 1480 748 reve-

65 766 226 801 rendum
259 776 307 800 ac
337 765 604 802 doctissimum
634 767 803 815 delatus,
847 767 895 802 ab
926 776 1051 812 eoque
1081 766 1176 802 mihi
1206 767 1384 809 traditus,
1416 769 1480 803 bi-

65 821 271 868 bliopolam
312 823 499 858 Batavum
531 823 753 868 quaerebat,
794 833 879 869 nec,
920 822 1096 868 quamvis
1128 833 1150 856 a
1178 823 1413 859 Ruhnkenio
1443 828 1480 859 et

66 887 128 913 me
158 878 250 913 item
283 878 586 928 commendatus,
616 878 788 923 reperire
808 876 972 923 poterat.
1004 878 1242 914 Ruhnkcnio
1263 879 1480 915 vehemen-

67 934 128 968 ter
157 931 417 977 displicebant
460 933 617 968 notulae
657 933 813 979 multae,
855 936 898 968 ut
927 933 1069 976 aiebat,
1099 935 1290 978 pueriles:
1324 935 1480 970 volebat

67 998 137 1023 eas
168 997 192 1022 a
219 997 282 1023 me
312 987 538 1023 circumcidi
569 991 607 1024 et
638 989 873 1036 expurgari:
904 998 978 1036 ego
1008 988 1103 1024 mihi
1122 992 1270 1024 tantum
1295 990 1331 1024 in
1355 990 1482 1025 alieno

67 1054 185 1091 opere
223 1053 411 1091 arrogare
448 1044 650 1080 nolebam:
695 1045 780 1097 sed⁷
810 1055 859 1080 ne
889 1048 1148 1091 expurgatum
1181 1045 1334 1090 quidem
1366 1048 1405 1080 et
1434 1045 1481 1081 ad

65 1099 275 1136 voluminis
305 1099 536 1135 brevitatem
565 1100 764 1136 redactum
795 1100 972 1145 recipere
1012 1100 1195 1135 volebant
1225 1100 1483 1146 bibliopolae:

67 1155 168 1201 quod
198 1155 411 1190 mirandum
443 1155 484 1190 in
515 1165 631 1201 opere
661 1156 826 1201 Graeco,
858 1166 1061 1201 numquam
1086 1158 1204 1192 antea
1233 1156 1349 1191 edito.
1380 1158 1481 1192 Pro-

67 1210 139 1246 diit
169 1210 321 1246 demum
341 1210 538 1246 sexennio
569 1214 719 1257 postea,
751 1212 1004 1258 Goettingae.

175 1265 323 1301 Attulit
352 1265 452 1301 idem
483 1276 610 1301 annus
640 1267 826 1311 quaedam
868 1267 906 1301 in
948 1270 1150 1311 utramque
1189 1268 1335 1311 partem
1375 1266 1479 1301 insi-

65 1320 163 1369 gnia
190 1321 438 1358 Ruhnkenio.
495 1322 605 1358 Uxor
643 1322 759 1369 gravi
798 1322 928 1356 morbo
957 1321 1120 1367 afflicta,
1151 1321 1292 1356 deinde
1323 1320 1482 1357 sanitati
1498 1324 1578 1360 189

66 1377 260 1413 restituta.
322 1377 486 1412 Luctum
525 1388 574 1413 ex
614 1378 747 1421 optimi
770 1403 773 1407 .
793 1373 1086 1423 Doevereni**)
1117 1377 1223 1412 obitu
1254 1380 1479 1422 susceptum

64 1433 213 1468 levavit
234 1432 370 1467 notitia
395 1432 875 1478 successo1·is‚1’aradysii
907 1433 1043 1476 nostri,
1074 1442 1147 1477 quo
1179 1443 1253 1468 non
1286 1432 1412 1467 minus
1434 1433 1481 1468 ob

65 1489 304 1533 praeclaram
335 1488 431 1523 artis
469 1489 642 1524 medicae
669 1489 897 1535 scientiam,
930 1499 1040 1533 quam
1072 1489 1120 1524 ob
1151 1488 1362 1524 doctrinam
1395 1498 1480 1524 cum

67 1547 285 1580 nostrarum
316 1543 534 1579 Literarum
564 1544 763 1591 elegantia
798 1545 1057 1589 coniunctam,
1097 1544 1285 1579 delectari
1316 1544 1481 1580 solebat.

65 1599 164 1636 Mox
193 1599 444 1646 gratissimus
473 1600 634 1635 advenit
663 1600 806 1645 hospes
838 1601 1007 1636 Thomas
1038 1599 1289 1646 Burgessius,
1322 1599 1480 1635 Britan-

68 1665 162 1691 nus:
212 1655 325 1690 cuius
363 1656 618 1690 excellentem
660 1656 877 1691 ΙᾹΐειῚη-ιιω
919 1656 1121 1690 scientiam
1164 1665 1251 1690 rara
1291 1655 1478 1699 quaedam

67 1712 231 1747 ornabat
260 1710 377 1747 animi
396 1712 569 1756 probitas
591 1721 816 1756 morumque
840 1711 1048 1746 modestia:
1080 1710 1182 1745 unde
1202 1710 1374 1746 amicitia
1393 1720 1478 1746 cum

67 1770 276 1812 praesente
306 1767 418 1803 nobis
449 1767 671 1813 conciliata,
703 1767 844 1802 deinde
875 1776 961 1801 cum
992 1767 1156 1802 absente
1179 1766 1356 1811 epistolis
1387 1767 1480 1801 offi-

65 1823 216 1868 ciisque
246 1822 390 1868 viguit.

179 1878 345 1914 Memini
381 1888 442 1913 me
482 1877 756 1914 Ruhnkenium
798 1877 865 1912 illo
897 1880 1070 1922 tempore
1101 1887 1271 1923 monere,
1302 1880 1345 1912 ut
1375 1875 1480 1912 vitae

68 1944 165 1970 suae
193 1938 424 1981 argumenta
453 1933 600 1978 scripto
632 1936 801 1976 notaret3
835 1936 877 1967 ut
897 1938 1015 1977 esset,
1047 1933 1150 1968 unde
1177 1943 1258 1967 eam
1291 1932 1359 1967 alii
1380 1943 1476 1968 coi.-

67 1990 298 2039 scriberent,
315 1990 400 2035 ipso
436 1992 600 2033 mortuo,
630 1984 885 2032 eumque***)
924 1997 984 2022 me
1025 1988 1196 2022 futurum
1228 1988 1413 2032 profiteri,
1446 1990 1478 2022 si

68 2045 222 2091 quidem
263 2055 323 2079 me
352 2043 411 2079 illi
442 2043 691 2089 superstitem
722 2043 884 2077 fecisset
915 2043 1082 2078 fortuna.
1141 2043 1212 2078 Ille
1244 2043 1477 2078 voluntatem

68 2101 145 2137 sibi
173 2110 296 2136 meam
338 2109 411 2135 non
443 2099 636 2146 ingratam
674 2109 764 2133 esse
794 2099 1019 2145 ostendens⁷
1065 2098 1242 2144 promisit
1272 2109 1315 2133 se
1346 2100 1479 2134 factu-

68 2166 152 2192 rum
182 2156 282 2201 quod
313 2158 499 2205 peterem.
559 2154 714 2191 Interea
743 2153 812 2189 ille
843 2154 896 2189 nil
927 2155 1061 2190 horum
1093 2155 1245 2189 facere:
1276 2163 1351 2200 erro
1383 2155 1481 2188 sub-

67 2212 160 2247 inde
189 2212 355 2247 instarze
386 2211 554 2255 denique
582 2211 650 2246 ille
679 2211 927 2256 respondere,
948 2211 1045 2245 satis
1075 2219 1136 2245 me
1155 2219 1219 2244 res
1238 2219 1334 2243 suas
1364 2210 1482 2251 scire,

69 2268 166 2303 satis
196 2267 309 2303 etiam
341 2266 416 2302 sibi
434 2277 523 2302 esse
541 2276 563 2301 e
584 2266 744 2311 scriptis
763 2266 847 2300 suis
879 2264 1078 2312 cognosci.
1137 2266 1245 2310 Ergo
1277 2274 1323 2299 eo
1353 2265 1481 2312 magis

67 2333 221 2368 operam
253 2322 356 2368 dedi,
385 2326 429 2358 ut
467 2332 531 2358 res
562 2323 647 2358 eius
678 2331 971 2368 cognoscerem,
1011 2330 1098 2356 cum
1128 2329 1177 2355 ex
1207 2320 1293 2365 ipso
1323 2320 1363 2355 in
1394 2320 1480 2365 pri-

66 2464 99 2502 ⁸)
121 2466 306 2505 Bergman.
333 2464 387 2495 ed.
414 2464 664 2506 profectionis.
711 2464 783 2495 FR-

68 2508 189 2546 ”Jcfi
215 2518 322 2549 supra
347 2518 425 2548 pag.
454 2510 508 2540 ed.
534 2518 586 2548 pr.
613 2509 688 2539 176.
736 2508 808 2539 1⁴¹.ss

68 2552 130 2595 ⁴⁴⁹)
153 2554 227 2586 Alii
249 2571 294 2577 -
318 2563 467 2595 eumque
491 2563 544 2585 me
566 2552 678 2593 futui
682 2561 742 2584 um
765 2551 1175 2593 profiteri.'.1*anquam
1199 2553 1231 2582 si
1254 2552 1477 2590 scripsisset:

116 2599 213 2630 unde
238 2608 318 2630 eum
343 2599 440 2629 alius
463 2599 614 2639 quidam
640 2598 905 2636 conscriberet,
932 2604 1080 2636 eumque
1103 2600 1174 2627 cet.
1208 2597 1271 2627 Est
1294 2597 1381 2627 baec
1405 2597 1481 2627 ele-

115 2645 326 2683 gantissima
357 2645 508 2674 imitatio
540 2644 715 2674 sermonis
748 2643 953 2680 familiaris,
996 2643 1055 2680 qni
1088 2641 1261 2672 eiusmodi
1293 2642 1480 2681 negligen-

117 2689 202 2718 tiam
226 2689 385 2719 admittit.
436 2688 490 2719 Cf.
514 2688 630 2719 Plant.
656 2688 754 2718 Trin.
779 2688 820 2723 11,
845 2687 876 2724 1,
906 2685 954 2717 ll.
1002 2685 1202 2726 Nunquam
1228 2693 1332 2716 amor
1356 2693 1479 2726 quem-

117 2740 228 2772 quam
251 2733 326 2763 nisi
349 2733 520 2773 cupidum
540 2734 715 2763 homiuem
732 2731 900 2771 postulat
917 2739 951 2761 se
969 2730 1004 2760 ἰη
1020 2731 1155 2771 playas
1173 2730 1367 2761 conficere.
1407 2728 1482 2759 Eos

116 2777 234 2817 cupit,
258 2784 318 2808 eos
343 2778 590 2808 consectatur.
640 2775 924 2807 LlNDEMANN.
