1833 3237
874 174 1183 215 —106—

315 288 492 337 aequali,
533 290 694 326 Pastore
741 286 926 332 primario
967 287 1164 335 Stolpensi
1213 287 1510 336 scholarumque
1553 290 1724 339 Ephoro,

309 346 488 382 notitiam
519 342 747 381 Ruhnkenii
785 343 824 379 in
869 343 967 380 libro
1008 343 1240 381 Germanice
1277 343 1487 391 inscripto,
1516 347 1722 383 Analectis

309 401 549 449 pomeranis,
579 399 744 445 prodere
774 399 968 446 cupiente,
999 409 1182 436 recusare
1212 399 1379 445 amptius
1409 400 1559 449 uoluit,
1590 402 1723 438 misit-

308 468 384 504 que
413 455 683 492 brevissimam
714 454 819 491 illam
851 456 956 492 vitae
987 466 1083 491 suae
1113 456 1377 501 librorumque
1406 466 1430 491 a
1459 466 1504 492 se
1532 458 1723 495 editorum

306 512 564 549 notationem:
606 513 646 547 et
684 511 782 547 fecit
820 510 873 547 ita
909 511 1082 548 breviter
1107 511 1347 558 cursimque,
1378 514 1420 547 ut
1451 512 1569 548 facile
1597 524 1723 560 appa-

305 570 402 613 reat,
433 576 518 602 eum
557 565 614 602 nil
652 567 842 615 gloriolae
881 567 1064 611 dedisse,
1105 567 1159 603 nil
1197 567 1274 603 nisi
1305 567 1535 603 humanitati
1565 571 1604 604 et
1633 570 1722 605 cui-

305 623 392 659 dam
423 631 521 670 erga
549 626 721 659 veterem
751 623 913 670 patriam
945 622 1080 670 pietati
1109 623 1344 659 satisfacere
1368 622 1558 660 voluisse.
1610 624 1722 660 sori-

304 678 384 725 psit
423 678 583 725 Latine,
632 678 944 725 quandoquidem
979 690 1003 714 a
1042 679 1232 714 facultate
1271 677 1526 715 Germanicae
1563 678 1724 727 linguae

307 734 451 770 dudum
482 734 731 772 desueverat.
791 735 911 771 Vitae
942 734 1177 770 notationem
1208 734 1411 770 Hakenius
1439 734 1671 771 Germanice
1700 746 1724 771 a

208 788 290 826 1⁷8
306 800 351 827 se
390 787 612 840 versam,*)
643 790 778 827 literas
816 790 864 826 ad
905 801 950 826 se
989 790 1115 838 datas,
1155 790 1308 836 Latine,
1346 793 1391 826 ut
1429 794 1553 840 erant,
1584 791 1720 828 edidit.

306 956 332 992 ’)
357 957 478 993 Hanc,
517 963 562 987 ex
601 955 828 988 Germanicis
875 957 992 988 denuo
1035 957 1161 987 Latine
1202 963 1341 987 versam
1380 955 1566 987 retulimus
1597 955 1727 996 opusc.

350 1001 492 1033 Ruhnk.
520 1001 561 1032 Τ.
582 1001 624 1032 11.
650 1011 683 1041 p.
705 1002 783 1032 896.
809 1009 860 1041 sq.
887 1001 981 1032 unde
1005 1009 1096 1040 eam,
1131 1003 1256 1040 utpote
1279 1008 1359 1031 cum
1384 1001 1486 1030 huius
1509 1001 1593 1032 libri
1615 1008 1726 1040 argu-

349 1050 473 1077 mento
498 1048 599 1077 arcte
625 1047 864 1085 coniunctam,
889 1047 920 1076 h.
947 1046 972 1077 l.
998 1047 1128 1076 iterum
1154 1047 1319 1084 repetere
1344 1045 1457 1075 iubet:

444 1110 584 1142 David
609 1110 911 1141 Ruhnkenius
935 1111 1005 1141 hac
1029 1111 1112 1150 ipsa
1146 1109 1187 1139 in
1218 1108 1310 1140 urbe
1333 1108 1490 1150 Stolpa,
1522 1108 1565 1140 ut
1587 1108 1732 1142 scribit'

355 1155 621 1187 honestissimis
641 1155 860 1196 parentibus
884 1154 990 1186 ortus
1006 1155 1072 1185 est.
1099 1152 1230 1185 Prima
1243 1152 1529 1194 disciplinarum
1541 1153 1730 1194 elementa,

351 1200 507 1240 propter
539 1199 664 1231 certas
696 1199 878 1240 quasdam
915 1200 1212 1240 propinquorum
1244 1198 1545 1237 necessitudines,
1582 1207 1657 1230 non
1688 1199 1729 1230 in

353 1244 558 1285 Stolpensi,
589 1244 651 1275 sed
675 1245 713 1274 in
737 1245 952 1275 Schlavensi
975 1243 1104 1275 schola
1126 1243 1312 1284 percepit,
1350 1243 1446 1274 duce
1470 1242 1632 1275 eiusdem
1655 1243 1730 1275 Re-

353 1290 457 1320 ctore
481 1287 705 1329 Kniephofio‚
722 1290 784 1330 qui
803 1289 930 1328 postea
945 1295 1014 1329 per
1037 1287 1174 1320 multos
1188 1295 1317 1327 annos,
1336 1289 1423 1328 pari
1436 1296 1517 1320 cum
1533 1288 1643 1320 laude
1657 1297 1728 1320 sua
1794 1292 1806 1303 ‘

354 1333 392 1365 et
414 1334 691 1375 discipulorum
715 1332 892 1374 utilitate,
920 1333 1123 1365 Coslinensi
1143 1333 1314 1374 praefuit
1336 1333 1494 1364 scholae.

438 1389 588 1421 Eoeinde
611 1387 911 1430 Reqiomontium
941 1389 979 1420 in
1005 1388 1206 1429 Colleqium
1235 1387 1541 1420 Fridericianum
1565 1388 1728 1430 delatus,

350 1434 517 1466 decursis
539 1434 618 1465 eius
641 1434 775 1475 spatiis
788 1444 824 1466 a.
849 1437 944 1464 1741.
969 1432 1162 1465 consilium
1175 1433 1275 1474 cepit
1292 1433 1527 1473 Goettinqam
1544 1433 1727 1476 adeundi,

302 1493 308 1496 ’
351 1479 505 1511 Gesneri
540 1480 699 1511 maxime
728 1480 835 1521 fama
867 1479 1056 1519 impulsus.
1116 1478 1241 1519 lqitur
1273 1486 1342 1518 per
1367 1476 1632 1510 Pomeraniam
1655 1479 1729 1510 iter

350 1524 514 1565 faciens,
542 1533 587 1555 ac
610 1533 676 1564 per
703 1524 810 1555 breve
835 1524 979 1564 tempus
1004 1523 1107 1564 apud
1128 1524 1307 1564 parentes
1327 1523 1591 1563 commoratus,
1614 1522 1729 1554 Bero-

357 1569 476 1600 linum
498 1567 758 1609 proficiscitur
781 1570 839 1609 ut,
865 1576 1102 1609 quaecunque
1126 1568 1194 1600 illa
1218 1567 1334 1607 Reyia
1359 1568 1460 1598 sedes
1481 1569 1729 1608 pereqrinan-

354 1613 449 1644 tibus
472 1613 642 1654 spectatu
666 1613 781 1654 diqna
805 1610 977 1654 offerret,
1015 1613 1142 1644 onmia
1164 1613 1242 1644 suis
1273 1612 1350 1651 ipse
1380 1611 1498 1644 oculis
1529 1612 1726 1645 lustraret.

355 1657 475 1689 Antea
507 1664 593 1689 ⁴vero
627 1666 739 1698 quam
774 1657 1012 1689 Academiam
1038 1656 1335 1698 Goettinyensem
1359 1657 1503 1698 adiret,
1527 1658 1626 1699 cepit
1648 1666 1728 1690 eum

353 1702 523 1734 visendae
554 1702 789 1743 Ii'iteberyae
812 1702 1048 1743 desiderium,
1082 1701 1133 1733 ad
1157 1703 1308 1742 Ber-geri
1331 1710 1376 1733 ac
1402 1703 1535 1735 Ritteri
1556 1702 1730 1735 notitiam

353 1746 421 1778 sibi
443 1748 748 1787 comparandam.
804 1748 873 1778 Via·
896 1748 1019 1778 autem
1042 1748 1176 1778 horum
1199 1747 1509 1788 duumvirorum‚
1543 1749 1607 1788 qui
1637 1748 1730 1779 civi-

355 1792 427 1824 tati
450 1791 626 1823 eruditae
659 1791 766 1822 tanto
795 1791 958 1832 suerunt
988 1792 1225 1832 ornamento,
1257 1791 1392 1822 notitia
1422 1792 1493 1823 sibi
1516 1792 1730 1832 contracta,

353 1835 558 1868 conciliata
584 1837 669 1867 item
700 1834 771 1867 sibi
801 1835 1020 1867 arctissima
1053 1835 1104 1867 lo.
1129 1837 1219 1876 Aug.
1245 1837 1386 1867 Ernesti
1418 1836 1604 1876 amicitia,
1635 1836 1729 1869 adeo

357 1882 428 1922 ipsi
452 1880 598 1922 placuit
627 1880 855 1921 H'iteberya,
879 1880 940 1922 ut,
966 1881 1073 1911 misso
1101 1881 1341 1920 Goettinyam
1367 1880 1531 1912 adeundi
1555 1882 1727 1923 consilio,

355 1927 447 1957 illus
470 1924 714 1956 Academiam
736 1925 808 1956 sibi
840 1925 1131 1965 praeferendam
1163 1925 1321 1956 duceret.
1370 1925 1522 1957 Literae
1545 1926 1727 1968 Latinae,

355 1971 568 2011 Antiquitas
592 1968 782 2011 Romana,
808 1969 981 2000 Historia
1011 1968 1247 2001 Universalis
1270 1970 1306 2001 et
1335 1968 1399 2000 lus
1432 1969 1568 2012 Civile,
1604 1973 1728 2003 omnia

363 2015 600 2056 H'iteberyae
630 2022 739 2055 quum
769 2015 903 2055 optime
938 2013 1212 2046 tradebantur.-
1245 2014 1347 2044 solae
1376 2016 1522 2055 penitus
1560 2015 1730 2047 iacebant

356 2060 528 2092 Graecae
552 2059 724 2100 Literae,
749 2067 911 2100 quarum
925 2059 1047 2090 tamen
1064 2059 1322 2090 ardentissimo
1335 2059 1520 2091 desiderio
1535 2060 1729 2092 tenebatur

352 2106 487 2137 doctus
511 2104 663 2136 iuvenis.
719 2102 869 2135 Relicta.
900 2103 1020 2143 igitur
1053 2103 1279 2142 Germania,
1315 2112 1351 2134 a.
1380 2108 1477 2135 1744.
1504 2105 1727 2145 Luydunum

355 2149 592 2182 Batavorum
605 2147 856 2189 proficiscitur
870 2156 909 2180 eo
923 2147 1086 2187 consilio,
1102 2148 1157 2187 ut,
1174 2148 1266 2180 duce
1281 2148 1429 2181 Tiberio
1444 2150 1728 2190 Hemsterhusio,

355 2202 463 2226 suam
487 2193 651 2225 discendi
672 2192 913 2234 cupiditatem
935 2199 1007 2234 per
1029 2193 1174 2233 aliquot
1197 2196 1318 2224 annos
1340 2194 1502 2226 satiaret
1510 2203 1523 2231 ,-
1561 2202 1728 2237 quaeque

354 2240 554 2280 praeterea
586 2237 843 2279 desiderabat,
877 2238 915 2268 in
956 2235 1026 2268 hac
1057 2237 1256 2269 Academia
1289 2238 1441 2277 reperit,
1467 2238 1657 2270 Historiae
1692 2240 1728 2270 et

357 2282 461 2314 Iuris
495 2282 624 2314 Civilis
655 2282 848 2323 Doctores,
881 2289 974 2313 vera
1005 2281 1122 2314 seculi
1154 2282 1213 2313 sui
1236 2282 1471 2313 ornamenta.
1521 2282 1567 2313 1η
1591 2283 1727 2323 primis

356 2327 555 2367 diliyenter
583 2327 641 2358 nti
672 2326 811 2358 solebat
839 2325 1015 2367 publicae
1045 2327 1083 2358 in
1118 2335 1161 2358 ea
1183 2326 1274 2358 urbe
1299 2325 1550 2358 Bibliothecae
1574 2327 1727 2366 divitiis,

356 2371 452 2403 unde
467 2371 614 2411 factum
638 2373 702 2411 est,
728 2373 771 2403 ut
785 2371 1026 2403 Celeberrimo
1050 2371 1174 2403 Ioanni
1190 2371 1329 2403 Aiberti
1345 2371 1386 2402 in
1400 2371 1537 2402 edendo
1551 2371 1727 2412 Hesychia

360 2423 513 2457 operam
526 2423 632 2448 suam
647 2417 683 2448 et
694 2417 879 2448 auxilium
893 2415 1126 2457 praestaret,-
1139 2417 1251 2456 atque
1267 2415 1372 2455 adeo,
1386 2417 1533 2447 mortuo
1544 2415 1729 2457 Albertio,

355 2468 448 2501 opus
470 2462 547 2502 ipse
569 2468 636 2493 suo
662 2459 789 2492 Marte
814 2460 1020 2493 absolveret
1034 2483 1046 2503 ,
1087 2461 1166 2493 cuis
1188 2461 1349 2493 alterum
1373 2460 1539 2493 volumen
1563 2471 1599 2493 a.
1627 2465 1725 2492 1766.

359 2513 406 2536 ea:
429 2507 508 2537 eius
533 2506 700 2538 manibus
723 2506 826 2538 eoeiit.

448 2572 556 2604 Anno
587 2575 681 2603 1755.
715 2574 754 2604 in
787 2572 949 2605 Galliam
981 2581 1057 2604 sese
1089 2572 1272 2612 contulit,
1308 2572 1345 2604 et
1374 2571 1557 2612 inteyrum
1582 2579 1725 2603 annum

358 2615 526 2649 Lutetiae
551 2617 791 2650 Parisiorum
814 2617 1010 2658 transegit,
1034 2618 1082 2649 ad
1098 2616 1364 2649 Bibliotltecam
1377 2616 1533 2658 Regiam
1547 2622 1726 2657 perscru—

362 2661 534 2713 tandam,
557 2663 699 2703 partim
722 2663 783 2705 ut,
808 2671 900 2704 quae
923 2664 961 2694 in
992 2669 1218 2703 unaquaque
1240 2661 1434 2703 disciplina
1458 2661 1559 2693 scitu
1581 2661 1722 2702 dignis-

362 2707 458 2738 sima
488 2707 592 2739 saut.
622 2716 670 2738 ecc
701 2708 770 2739 hoc
802 2707 976 2739 thesauro
1009 2706 1077 2739 sibi
1101 2708 1333 2749 excerperet,
1359 2707 1500 2748 partim
1523 2707 1566 2739 ut
1587 2706 1725 2738 veteres

363 2751 574 2792 Scriptores
598 2760 681 2784 cum
708 2751 905 2784 codicibus
930 2751 1018 2784 Mss.
1043 2751 1238 2793 conferret
