1833 3237
857 227 907 234 -..
999 204 1051 243 18
1137 228 1191 235 -

305 323 413 373 genii
452 320 616 369 quisque
647 318 710 355 sui
740 317 1010 355 mediocritate
1040 321 1081 355 et
1110 317 1232 355 studii
1262 317 1438 367 ratione,
1478 330 1528 356 ex
1558 318 1627 356 illa
1656 329 1725 356 re-

235 384 290 421 25
307 390 390 417 rum
420 379 613 416 infinitate
640 375 682 412 in
711 375 860 412 arctius
889 375 1081 422 spatium,
1110 375 1159 410 ad
1190 373 1330 421 huius,
1367 375 1416 412 de
1445 386 1520 422 qua
1557 376 1728 424 agimus,

305 436 498 484 scientiae
528 427 700 468 veterem
731 432 1002 478 propriamque
1033 431 1180 478 sedem,
1212 431 1259 466 ad
1283 432 1576 478 grammaticam
1597 434 1728 468 Grae-

306 503 376 528 cae
416 488 660 535 Latinaeque
702 488 864 536 linguae
905 488 1113 532 rationem,
1161 497 1206 522 se
1255 487 1493 524 retulerunt:
1541 489 1725 536 angustis

305 556 401 582 sane
431 555 475 581 se
505 544 648 583 finibus
674 544 1056 591 circumscribentes,
1088 543 1365 579 observatione
1387 544 1606 591 verborum,
1638 546 1725 579 for-

305 612 468 648 marum,
504 601 710 646 dictionis,
743 599 1056 645 compositionis:
1098 599 1222 635 veluti
1253 599 1370 645 ampli
1400 599 1571 635 aedificii
1601 610 1726 645 supe-

306 658 475 695 rioribus
512 657 689 704 partibus
726 659 764 691 et
802 656 1078 700 conclavibus,
1119 655 1282 701 penuria
1311 655 1573 701 supellectilis
1606 654 1725 691 fami-

306 715 480 761 liaeque,
516 713 654 749 vacuis
692 712 864 753 relictis,
907 712 947 747 in
990 711 1109 747 fundo
1140 722 1187 747 ac
1217 711 1300 747 solo
1330 710 1547 747 habitatum
1578 720 1726 747 conce-

305 771 463 806 dentes:
494 769 601 815 sive,
633 773 675 805 ut.
704 766 972 813 splendidiore
1001 766 1180 811 exemplo
1209 768 1319 812 utar,
1350 769 1544 812 tamquam
1575 766 1728 814 imperii

305 837 353 862 ac
383 825 544 861 ditionis
578 825 692 860 nimis
724 824 801 858 late
831 821 1026 868 patentis,
1053 821 1154 867 quod
1185 822 1286 857 tueri
1319 832 1393 857 non
1424 825 1607 868 possent,
1637 823 1728 858 lon-

304 882 474 928 ginquas
497 880 739 924 dissitasque
762 877 986 924 provincias
1020 877 1262 924 deserentes,
1292 877 1505 923 copiasque
1522 878 1614 913 inde
1632 888 1728 914 suas

305 938 345 973 in
382 937 551 982 patrium
589 936 815 980 avitumque
845 943 1008 980 regnum
1040 936 1078 969 ct
1117 942 1255 981 agrum
1294 934 1582 969 contrahentes.
1641 935 1729 970 Ho-

306 1003 388 1029 rum
427 991 496 1027 alii
536 991 641 1027 intra
677 991 773 1026 illud
815 991 1018 1026 verborum
1058 999 1102 1024 se
1140 999 1305 1037 regnum
1345 990 1617 1026 continebant:
1661 989 1730 1025 alii

307 1048 473 1084 subinde
510 1047 552 1082 in
589 1047 788 1092 ‘proximas
829 1046 1014 1093 regiones
1053 1045 1360 1090 egrediebantur
1398 1046 1566 1081 Critices
1604 1046 1728 1081 sacti-

307 1104 461 1148 tandae,
492 1102 557 1138 vel
586 1103 628 1138 in
659 1102 911 1137 emendandis
943 1101 1162 1146 scripturae
1183 1101 1432 1148 corruptelis,
1462 1101 1526 1136 vel
1556 1101 1596 1136 in
1628 1111 1728 1137 con-

309 1158 485 1196 tutandis
526 1158 727 1194 Historiae
765 1157 982 1203 erroribus,
1021 1157 1226 1192 verborum
1258 1160 1386 1192 tamen
1417 1167 1571 1203 semper
1601 1157 1728 1204 magis

310 1214 478 1252 studiosi
509 1224 622 1260 quam
653 1224 794 1259 rerum,
826 1223 952 1258 neque
984 1214 1067 1248 fere
1099 1213 1170 1248 has
1201 1212 1444 1261 attingentes
1478 1213 1554 1248 nisi
1585 1216 1729 1259 quate-

310 1282 384 1308 nus
414 1281 503 1307 cum
531 1270 664 1306 verbis
696 1270 929 1305 coniunctae
959 1272 1063 1304 sunt.
1121 1271 1172 1305 Et
1203 1278 1298 1304 vero
1329 1269 1542 1315 prudenter
1572 1272 1610 1305 et
1641 1280 1729 1306 cum

311 1327 464 1364 ratione
494 1327 689 1378 agebant,
726 1326 827 1371 quod
858 1325 998 1361 virium
1028 1335 1186 1361 suarum
1216 1325 1406 1361 rationem
1438 1325 1649 1373 habentes,
1679 1336 1730 1361 ne

310 1384 453 1431 altius,
484 1394 596 1429 quam
627 1386 811 1429 quantum
843 1384 1024 1427 possent,
1056 1382 1095 1417 in
1127 1392 1252 1417 rerum
1290 1382 1474 1429 regiones
1505 1381 1730 1418 adscende-

310 1442 408 1476 rent.
466 1440 521 1476 At
550 1439 619 1475 alii
648 1439 928 1484 imprudenter,
959 1441 1076 1483 atque
1103 1438 1201 1473 adeo
1240 1438 1496 1484 impudenter,
1528 1438 1593 1484 qui
1624 1438 1732 1474 nulla

307 1497 471 1544 linguae
504 1499 543 1531 et
573 1496 851 1543 grammaticae
882 1495 1048 1530 rationis
1078 1494 1345 1542 intelligentia
1384 1495 1588 1541 instructi,
1629 1504 1731 1530 con-

307 1552 418 1588 tinuo
453 1553 492 1587 in
523 1551 783 1597 Antiquorum
825 1562 916 1599 reS,
954 1551 1077 1586 veluti
1118 1550 1409 1596 Philosophiam
1451 1550 1629 1599 aliasque
1666 1550 1732 1585 di-

310 1608 514 1654 sciplinas,
545 1607 745 1652 involant,
777 1607 824 1642 de
854 1607 907 1642 iis
937 1607 1124 1643 audacter
1153 1607 1350 1647 scribunt,
1381 1606 1499 1642 rudes
1532 1610 1570 1642 et
1599 1607 1731 1653 ignari

249 1662 303 1700 26
317 1665 524 1700 verborum
553 1663 793 1711 linguaeque
824 1663 964 1708 quibus
994 1673 1057 1697 res
1089 1663 1180 1698 illae
1211 1663 1524 1708 disciplinaeque
1555 1662 1731 1708 proditae

309 1722 422 1755 sunt:
454 1719 637 1765 volatici,
671 1720 861 1769 profecto,
893 1721 931 1754 et
962 1718 1115 1753 ventosi
1146 1719 1343 1764 homines,
1377 1719 1488 1763 quasi
1519 1718 1558 1754 in
1590 1719 1732 1755 aedifi-

311 1775 372 1811 cio
400 1774 630 1809 fabricando
661 1774 814 1808 initium
849 1775 1041 1809 facientes
1072 1785 1094 1808 a
1126 1777 1230 1809 tecto
1262 1777 1298 1809 et
1329 1774 1466 1821 apice,
1505 1774 1553 1809 de
1583 1775 1732 1810 sunda-

309 1830 453 1866 mentis
491 1832 531 1865 et
571 1829 787 1875 parietibus
828 1839 903 1864 non
937 1830 1173 1875 cogitanteS.
1236 1829 1523 1865 Hemsterhusii
1559 1831 1731 1876 prudens

312 1889 397 1922 erat
424 1886 523 1921 ratio
554 1886 689 1921 tuendi
720 1886 938 1921 Literarum
969 1886 1144 1932 imperii,
1182 1886 1247 1931 qui
1288 1897 1310 1920 a
1340 1887 1546 1921 verborum
1578 1887 1733 1922 intelli—

310 1942 448 1990 gentia
478 1942 528 1977 ad
558 1952 690 1977 omnes
722 1941 977 1988 egrederetur
1015 1943 1182 1978 critices
1214 1945 1251 1977 et
1292 1942 1551 1988 Antiquitatis
1589 1944 1731 1990 regio-

311 2009 395 2043 nes,
426 1998 465 2034 in
496 1998 623 2043 iisque
654 1999 838 2043 frequens
869 1997 1101 2044 diverteret,
1141 2008 1293 2043 semper
1331 2001 1459 2034 tamen
1490 1999 1621 2034 sedem
1652 2000 1731 2034 im-

311 2053 412 2100 perii
447 2054 805 2098 habitationemque
852 2053 1094 2088 meminisset
1137 2064 1225 2088 esse
1263 2054 1557 2101 grammaticam
1593 2055 1732 2091 scien.-

312 2110 420 2160 tiam,
450 2119 613 2154 eamque
644 2109 683 2143 in
714 2108 850 2154 primis
881 2113 919 2143 et
950 2111 1105 2143 curaret
1137 2112 1175 2144 et
1206 2113 1374 2147 ornaret.

425 2164 503 2201 Sed
534 2165 602 2200 illa
631 2164 919 2211 intelligentiae
951 2164 1067 2199 unica
1094 2165 1284 2212 effectrix,
1315 2167 1573 2214 grammatica
1602 2167 1730 2203 inter-

313 2221 501 2265 pretatio,
540 2221 580 2256 in
622 2221 879 2255 recentiorum
921 2219 1032 2255 libris
1075 2221 1206 2256 facilis
1246 2222 1507 2267 expeditaque
1557 2227 1639 2258 est:
1690 2224 1730 2259 in

312 2275 574 2321 Antiquorum
621 2275 779 2322 scriptis
828 2275 1099 2311 difficillimum
1150 2276 1267 2313 habet
1316 2278 1483 2324 aditum,
1530 2280 1732 2315 obstructa

314 2331 458 2377 quippe
494 2332 713 2367 interiectis
753 2342 837 2367 cum
874 2332 982 2373 aliis,
1022 2335 1102 2367 tum
1134 2334 1344 2379 praecipue
1382 2334 1535 2370 duobus
1574 2336 1732 2383 magnis

313 2387 602 2433 impedimentis
634 2390 671 2422 et
702 2388 813 2432 quasi
844 2388 1085 2433 sepimentis.
1144 2390 1311 2425 Primum
1343 2393 1382 2425 et
1412 2391 1587 2426 exterius
1619 2392 1732 2437 sepi-

315 2445 484 2479 mentum
516 2446 578 2479 est
607 2446 783 2479 veterum
812 2443 1035 2490 linguarum
1066 2444 1114 2479 ad
1146 2445 1374 2482 discendum
1406 2447 1733 2494 intelligendum-

317 2509 393 2544 que
422 2499 660 2535 difficultas:
699 2510 811 2545 quam
843 2500 909 2535 ubi
939 2501 1210 2547 superaveris,
1249 2506 1373 2538 restat
1401 2503 1564 2538 alterum
1596 2506 1635 2538 et
1664 2503 1733 2539 in-

318 2555 441 2591 terius
482 2557 758 2603 sepimentum,
804 2557 1079 2602 exemplarium
1120 2557 1231 2592 labes
1264 2561 1304 2592 et
1334 2558 1568 2602 corruptela.
1629 2560 1732 2596 Lin-

318 2621 484 2659 guarum
522 2612 735 2648 difficultas
775 2613 931 2648 exsistit
968 2614 1015 2648 ab
1061 2623 1192 2648 earum
1223 2613 1263 2648 in
1293 2613 1438 2661 vulgus
1469 2614 1731 2662 ignoratione,

318 2669 453 2713 utpote
495 2678 545 2703 ex
581 2679 657 2705 usu
697 2668 890 2705 communi
929 2672 1181 2716 remotarum,
1220 2679 1292 2704 nec
1323 2669 1518 2706 homiuum
1549 2672 1733 2708 continuo

319 2725 358 2759 et
387 2723 611 2769 quotidiano
641 2735 821 2761 sermone
851 2725 896 2760 ad
929 2729 1062 2761 nostra
1091 2728 1264 2771 tempora
1302 2729 1622 2774 propagatarum,
1663 2728 1734 2763 sed

319 2779 415 2816 solis
451 2779 651 2816 literarum
692 2781 949 2817 monumentis
990 2784 1246 2819 servatarum.
1306 2782 1433 2819 Huius
1464 2783 1733 2829 impedimenti
