1833 3237
876 153 1165 193 -84-

315 269 446 319 fiebat,
477 271 519 305 ut
549 267 708 315 vulgus,
745 265 807 312 qui
839 268 922 303 scre
955 267 1136 313 opinione
1167 270 1206 302 et
1235 269 1394 304 externo
1423 267 1557 305 habitu
1588 277 1725 305 move-

318 323 703 369 tur‚'Ruhnkenium
733 323 995 359 Valckenario
1027 323 1155 360 minus
1197 323 1349 359 doctum
1381 327 1544 370 putaret.
1601 325 1725 362 Uter-

316 392 390 429 que
422 379 707 427 praeiudicatas
732 379 845 427 vulgi
875 379 1076 426 opiniones
1099 383 1137 415 et
1163 379 1353 427 gloriolae
1384 381 1592 417 vanitatem
1623 390 1723 417 con-

322 437 533 473 temnebat:
566 435 849 472 Valckenarius
879 437 958 472 alto
988 436 1103 472 etiam
1133 437 1259 472 animo
1290 445 1357 471 eas
1386 436 1644 483 despiciebat,
1684 439 1724 472 et

319 492 492 528 oratione
530 491 784 537 exemploque
813 492 899 537 ipse
939 502 1009 528 suo
1040 493 1288 537 confutabat3
1333 492 1436 527 unde
1467 494 1611 529 factum
1647 496 1722 542 est,

318 551 361 584 ut
392 557 596 593 numquam
627 548 802 594 corporis
832 548 1042 594 vultusque
1072 548 1134 584 sui
1176 548 1386 595 imaginem
1417 548 1526 596 pingi
1556 549 1726 596 fingique

319 604 504 650 voluerit;
553 604 737 652 Agesilai
768 600 808 651 *J
855 605 1125 641 auctoritatem
1157 615 1325 650 sequens
1364 605 1534 640 vetantis
1564 605 1724 653 amicos,

318 669 367 696 ne
405 659 530 706 ipsius
571 661 746 696 facerent
773 661 932 709 μιμηλὰν
978 662 1142 710 γραπτὰν
1181 661 1202 709 ἢ
1248 661 1422 699 πλαστὰν.
1464 659 1724 698 Ruhnkenius

318 716 451 752 hocin
482 716 566 752 loco
597 716 751 752 facilior
779 715 1120 764 indulgentiorque
1142 719 1250 763 erat3
1280 719 1344 761 ut,
1374 717 1513 762 paucis
1542 721 1633 752 ante
1652 717 1726 767 ob-

316 771 413 809 itum
452 772 578 819 annis,
606 772 814 808 amicorum
848 772 1028 817 precibus
1059 772 1201 820 victus,
1243 775 1485 818 pater-eretur
1514 772 1724 820 imaginem

316 838 425 865 suam
455 828 580 876 pingi,
611 831 650 864 et
679 838 771 864 aere
800 838 983 864 excusam
1012 828 1053 864 in
1086 829 1232 877 vulgus
1265 828 1338 864 edi.
1399 829 1629 865 Ruhnkenii
1659 838 1729 875 per

319 886 435 921 totam
466 885 551 920 fere
582 884 712 931 vitam,
742 887 785 920 ut
814 885 1013 932 Socratis,
1054 884 1154 920 idem
1186 887 1269 920 erat
1298 884 1472 933 animus,
1503 885 1604 920 idem
1634 885 1728 921 vul-

319 943 397 978 tus.
459 940 770 988 Valckenarius,
810 940 912 986 quod
940 940 1095 988 magnis
1137 941 1361 987 praesertim
1393 944 1431 976 et
1462 941 1631 977 heroicis
1661 941 1728 976 in-

320 995 451 1044 geniis
504 996 698 1032 accidisse
737 1000 907 1044 constat,
964 1007 1247 1042 nonnumquam
1294 997 1523 1042 intemperie
1565 997 1728 1042 quadam

223 1053 302 1091 141
322 1052 580 1099 afficiebatur,
614 1062 726 1098 quam
755 1055 994 1102 μελαγχολίαν
1030 1053 1172 1088 Graeci
1202 1055 1358 1100 vocant,
1405 1055 1447 1088 ut
1477 1062 1546 1098 per
1575 1052 1731 1098 aliquod

321 1111 471 1154 tempus
501 1107 706 1144 excitatior
727 1108 923 1155 ferretur,
943 1111 1022 1143 tum
1052 1108 1100 1143 ad
1124 1118 1168 1144 se
1197 1108 1353 1151 rediret,
1386 1108 1588 1144 subtristis
1617 1107 1731 1155 quasi

321 1175 370 1200 ac
398 1163 634 1200 taciturnus:
667 1167 827 1200 naturae
857 1174 950 1199 suae
980 1167 1019 1200 et
1045 1165 1319 1201 consuetudini
1348 1164 1527 1200 restituto
1556 1164 1731 1201 admira-

322 1220 400 1257 bile
438 1220 565 1255 inerat
593 1223 936 1265 temperamentum
979 1221 1187 1267 gravitatis
1218 1224 1257 1256 et
1286 1220 1564 1271 iucunditatis,
1603 1223 1646 1257 ut
1675 1221 1730 1256 nil

323 1286 368 1313 eo
399 1276 604 1311 amabilius
634 1272 800 1312 diceres.
862 1276 1000 1321 Neque
1030 1280 1157 1312 tamen
1187 1277 1392 1322 utriusque
1422 1280 1489 1312 aut
1519 1277 1631 1326 haec,
1662 1279 1729 1312 aut

323 1332 489 1383 reliqua,
521 1335 742 1368 naturarum
768 1332 980 1368 diversitas
998 1333 1205 1369 amicitiam
1229 1343 1360 1369 eorum
1390 1333 1589 1379 turbabat3
1615 1343 1731 1379 quum

323 1391 485 1434 uterque
514 1387 590 1424 sibi
630 1388 803 1424 eumdem
835 1392 1066 1434 proponeret
1103 1389 1260 1425 virtutis
1299 1399 1346 1425 ac
1375 1388 1572 1425 doctrinae
1602 1390 1733 1437 finem,

323 1445 422 1481 alter
451 1444 613 1480 alterum
644 1444 861 1480 {literarum
892 1455 1034 1481 caussa
1064 1445 1195 1493 magni
1224 1447 1394 1492 faceret,
1436 1445 1554 1481 huius
1584 1445 1732 1481 iudici-

323 1511 387 1537 um
429 1503 468 1536 et
507 1501 726 1536 constantia
766 1500 1004 1537 voluntatem
1045 1501 1327 1550 ingeniumque
1370 1500 1480 1537 illius
1519 1501 1560 1538 in
1599 1503 1734 1538 mutua

325 1555 595 1593 benivolentia
623 1556 824 1594 retineret.

436 1612 640 1648 Proximus
670 1612 716 1648 ab
749 1622 807 1659 eo,
839 1622 914 1658 quo
945 1613 1270 1650 Hemsterhusius
1300 1613 1408 1665 obiit,
1436 1623 1562 1649 annus
1591 1613 1735 1650 Ruhn-

324 1667 431 1705 kenii
478 1667 663 1716 (1767.)
719 1668 834 1715 periit
873 1668 1092 1706 Literarum
1132 1669 1295 1718 studiis,
1341 1670 1483 1716 quippe
1519 1673 1734 1716 occupatus

324 1734 485 1760 munere
524 1723 707 1760 Rectoris
747 1724 973 1771 Magnifici:
1011 1726 1085 1761 hoc
1115 1726 1217 1761 enim
1247 1729 1307 1761 est
1346 1736 1482 1762 nomen
1514 1726 1734 1762 professori

326 1779 465 1826 quovis
485 1789 585 1815 anno
604 1779 877 1826 magistratum
898 1784 937 1815 et
969 1782 1101 1816 fasces
1126 1781 1369 1817 Academiae
1391 1781 1560 1818 habenti.
1588 1782 1732 1818 Ruhn-

325 1835 480 1883 kenius,
509 1835 599 1871 vivo
630 1835 759 1870 adhuc
784 1836 1092 1882 Hemsterhusio,
1123 1837 1380 1873 constituerat
1410 1847 1495 1873 eum
1525 1837 1732 1883 aliquando

326 1895 515 1927 mortuum
555 1891 701 1937 scripto
742 1891 914 1928 laudare.
973 1893 1053 1927 Iam
1084 1892 1169 1929 eius
1199 1892 1256 1928 rei
1290 1896 1442 1939 tempus
1473 1896 1512 1929 et
1540 1897 1732 1940 opportu-

327 1948 429 1983 nitas
458 1950 644 1993 sequente
683 1947 869 1993 deinceps
900 1957 1022 1995 anno,
1062 1948 1270 1984 Februarii
1300 1949 1363 1984 die
1393 1952 1554 1997 octavo,
1594 1949 1734 1986 incidit

327 2004 504 2040 oratione
542 2003 720 2039 habenda
751 2013 853 2039 more
889 2004 1071 2040 maiorum
1104 2004 1262 2040 Rectori
1299 2005 1455 2041 abeunti
1494 2006 1562 2041 illo
1602 2005 1734 2054 magi-

327 2063 466 2096 stratu.
526 2059 626 2095 Huic
666 2058 830 2094 orationi
870 2059 1129 2095 Ruhnkenius
1168 2065 1437 2109 argumentum
1478 2061 1572 2097 fecit
1611 2063 1735 2098 Hem-

328 2115 576 2152 sterhusium.
634 2116 764 2165 Atque
795 2115 868 2150 hoc
899 2118 958 2150 est
987 2115 1083 2151 illud
1114 2117 1400 2153 Hemsterlzusiz·
1429 2118 1619 2165 Eloyz'um,
1657 2128 1731 2164 quo

330 2172 381 2208 nil
411 2172 450 2208 in
483 2171 584 2207 omni
615 2171 805 2219 elegantis
836 2171 1036 2207 doctrinae
1075 2175 1112 2207 et
1143 2173 1386 2218 eloquentiae
1415 2184 1562 2221 genere
1591 2184 1735 2210 recen-

328 2228 403 2263 tior
432 2231 539 2263 aetas
577 2227 792 2274 perfectius
820 2227 1113 2273 absolutiusque
1142 2229 1252 2265 vidit.
1312 2230 1412 2265 Nam
1442 2239 1558 2275 quum
1598 2230 1734 2274 perfe-

331 2287 430 2319 ctam
448 2283 583 2319 Critici
614 2285 774 2319 formam
805 2283 844 2319 in
875 2284 1171 2320 Hemsterhusio
1201 2284 1450 2331 spectandam
1480 2285 1557 2320 sibi
1586 2295 1734 2331 propo-

241 2343 321 2381 142
334 2338 491 2387 suisset,
522 2339 574 2374 ita
606 2339 689 2375 eius
718 2339 933 2386 ingenium,
964 2340 1193 2387 doctrinam,
1220 2340 1401 2388 animum,
1433 2351 1570 2386 mores,
1601 2341 1733 2387 expli-

334 2395 428 2443 cuit,
459 2395 513 2430 ita
543 2395 711 2431 Criticae
750 2396 825 2431 vim
855 2397 1211 2443 praestantiamque
1249 2397 1478 2446 declaravit,
1507 2397 1561 2433 ita
1601 2397 1735 2433 nativa

332 2451 401 2488 illa
430 2451 582 2497 ipsique
618 2451 775 2497 propria
806 2450 968 2487 Latinae
1000 2453 1187 2488 orationis
1230 2454 1410 2489 castitate
1450 2463 1496 2489 ac
1526 2457 1734 2490 venustate

333 2518 411 2544 rem
452 2511 797 2555 argumentumque
835 2508 1070 2554 illustravit3
1101 2512 1156 2555 ut,
1188 2519 1304 2555 quum
1334 2510 1566 2556 dubitemus,
1595 2510 1735 2556 plusne

335 2564 387 2599 sit
415 2563 454 2598 in
486 2573 531 2598 ea
561 2563 784 2611 scriptione,
816 2564 1036 2611 suavitatis,
1067 2564 1222 2611 leporis,
1253 2565 1541 2613 pulcritudinis,
1579 2566 1733 2617 nitoriS,

336 2630 383 2655 an
415 2619 661 2668 prudentiae,
693 2620 923 2667 gravitatis,
954 2620 1182 2670 dignitatiS,
1214 2621 1453 2671 maiestatis,
1483 2622 1736 2660 iucundiorne

337 2749 366 2788 ⁸)
391 2751 563 2783 Plutarch.
590 2750 672 2782 Vita
695 2751 830 2790 Agesil.
865 2759 942 2792 pag.
967 2754 1042 2784 596.
1066 2754 1106 2784 F.
1132 2758 1168 2784 et
1190 2754 1285 2785 alibi.
