1833 3237
880 141 1161 181 „65-

311 262 421 299 locos
465 259 528 297 vel
577 255 760 294 difficiles
799 254 870 290 ‘vel
918 252 1189 289 memorabiles
1238 251 1409 288 dictabat
1459 251 1730 289 annotationes

312 319 454 355 breves
484 314 636 360 quidem
667 311 781 357 illas,
808 310 876 346 sed
908 310 1033 345 bonae
1063 309 1192 356 frugis
1216 307 1368 353 plenas.
1426 309 1570 345 Rerum
1601 308 1730 344 inter-

313 372 480 420 pretatio
512 368 728 404 ducebatur
758 366 806 402 ab
836 366 1009 403 Historia
1040 368 1080 400 et
1113 363 1447 410 Antiquitatibus,
1479 365 1627 410 eadem,
1655 375 1731 410 qua

314 429 386 464 has
418 424 631 471 tractabat,
669 422 895 470 diligentia;
937 422 1123 466 frequens
1161 420 1199 457 in
1232 420 1366 465 primis
1404 424 1488 455 erat
1524 421 1730 456 verborum

314 480 602 526 interpretatio,
633 489 708 524 qua
738 478 902 514 Latinae
931 477 1120 512 orationis
1150 478 1324 522 potestas
1356 478 1393 510 et
1422 486 1541 522 usus,
1572 475 1730 512 cumin

314 536 484 583 singulis
505 535 692 580 vocibuS,
723 537 801 570 tum
823 534 863 570 in
892 532 1130 568 dictionibus
1152 536 1189 567 et
1210 531 1503 578 compositione,
1533 534 1573 565 et
1592 541 1731 580 gram-

315 592 455 628 matica
485 591 634 626 ratione
664 590 948 635 explicaretur,
987 591 1025 624 et
1063 587 1253 633 exemplis
1287 589 1476 622 Veterum
1507 586 1732 621 illustrare-

315 653 395 692 tur,
428 649 466 682 et
496 646 716 693 praeceptis
747 645 1045 689 observatisque
1075 644 1303 689 optimorum
1342 643 1600 678 recentiorum
1633 652 1732 677 con-

314 704 542 738 firmaretur.
600 702 729 749 Igitur
769 702 994 736 fructuosae
1033 703 1142 734 erant
1174 699 1246 733 hae
1277 699 1438 734 scholae
1469 709 1554 733 cum
1585 697 1635 732 ad
1665 698 1734 733 in-

313 759 573 806 telligentiam
604 758 731 803 ipsius
761 756 971 800 AuctoriS,
1015 758 1093 790 tum
1134 754 1319 789 universe
1358 754 1404 789 ad
1437 764 1565 789 rerum
1596 753 1733 788 scien-

314 814 420 859 tiam,
460 813 646 848 iudicium
689 815 728 847 et
768 812 993 847 facultatem
1025 810 1191 852 Latinae
1231 809 1418 845 orationis
1459 819 1506 844 ae
1535 804 1735 855 dictionis,

316 869 580 917 cognitionem
623 868 850 914 optimorum
889 867 1143 911 interpretum
1183 869 1220 901 et
1259 865 1499 911 Scriptorum
1540 864 1588 900 de
1620 864 1735 900 Lati-

222 924 304 961 110
320 925 461 972 nitate,
499 934 657 960 sensum
688 923 855 969 denique
886 922 1010 968 pulcri
1041 921 1276 967 venustique
1308 932 1381 956 non
1412 931 1556 968 vagum
1589 923 1628 956 et
1658 931 1734 955 va-

318 991 428 1027 num,
458 980 527 1015 sed
559 982 705 1015 certum
737 982 775 1015 et
806 980 954 1015 firmum
985 981 1132 1013 acerto
1151 977 1298 1013 iudicio
1330 980 1368 1012 et
1390 979 1573 1013 accurata
1594 986 1736 1023 gram-

317 1037 458 1072 matica
496 1035 649 1071 ratione
688 1035 859 1070 ductum.
915 1035 1114 1070 Auctores
1154 1032 1297 1076 Latini,
1338 1043 1436 1078 quos
1479 1032 1517 1067 in
1558 1031 1619 1065 his
1650 1034 1736 1066 tra-

317 1094 442 1127 ctaret
480 1090 650 1135 scholis,
703 1100 790 1125 cum
838 1089 905 1124 alii
945 1091 1077 1134 erant,
1125 1091 1203 1123 tum
1246 1088 1286 1123 in
1337 1087 1472 1134 primis
1511 1086 1736 1128 Terentius,

317 1146 545 1192 Suetonius,
575 1146 668 1181 item
701 1146 839 1181 Cicero
871 1147 909 1180 et
939 1144 1125 1190 Ovidius,
1156 1143 1263 1179 illius
1294 1142 1341 1178 ad
1374 1142 1603 1179 Familiares
1635 1142 1737 1188 Epi-

317 1203 465 1246 stolae,
523 1201 640 1237 huius
679 1196 934 1245 Heroides.*)
1019 1199 1353 1236 scholasticorum
1407 1199 1601 1234 hominum
1650 1207 1737 1233 cum

318 1257 490 1304 invidia,
528 1257 576 1292 de
605 1267 681 1302 qua
710 1267 830 1302 supra
867 1252 1122 1303 diximus,**)
1167 1258 1246 1291 tum
1290 1254 1479 1302 gloriola,
1529 1252 1739 1298 discipulis

320 1314 406 1350 suis
449 1311 765 1359 persuadentium
804 1323 873 1348 eos
921 1322 969 1347 ex
1009 1311 1180 1358 ipsorum
1222 1311 1431 1356 disciplina
1466 1310 1565 1346 adeo
1602 1309 1740 1344 doctos

253 1388 266 1393 -
320 1369 498 1416 prodire,
529 1371 568 1404 ut
600 1368 662 1405 his
683 1367 909 1404 Ruhnkenii
939 1368 1089 1403 scholis
1120 1377 1192 1403 non
1225 1377 1322 1413 opus
1350 1367 1560 1411 haberent,
1593 1366 1740 1400 factum

321 1428 403 1472 est,
435 1427 477 1460 ut
507 1424 742 1473 pauciores,
774 1435 887 1469 quam
918 1423 1004 1470 quis
1035 1426 1208 1469 putaret,
1239 1423 1476 1458 ventitarent
1506 1425 1686 1457 recentes
1715 1431 1741 1456 a

321 1480 463 1528 puerili
493 1480 740 1517 institutione
776 1481 946 1528 tirones,
986 1479 1192 1526 pauciores
1233 1479 1349 1514 etiam
1390 1479 1455 1523 qui
1495 1478 1630 1513 harum
1661 1475 1740 1512 vim

323 1536 676 1584 praestantiamque
716 1537 936 1572 scholarum
968 1539 1170 1582 caperent:
1216 1537 1255 1570 at
1297 1534 1496 1580 veterani,
1534 1537 1573 1569 et
1603 1531 1741 1580 exteri,

322 1593 387 1638 qui
418 1592 522 1627 haud
552 1592 822 1637 infrequentes
853 1594 985 1636 erant,
1032 1602 1100 1626 eas
1130 1591 1388 1636 devorabant,
1429 1600 1501 1625 nec
1533 1588 1741 1634 quidquam

324 1648 564 1684 fructuosius
594 1647 894 1695 elegantiusque
924 1647 963 1682 in
993 1647 1068 1682 hoc
1092 1657 1241 1694 genere
1270 1657 1314 1681 se
1345 1656 1508 1692 usquam
1538 1644 1742 1681 audivisse

324 1705 557 1739 fatebantur.
614 1703 806 1748 Equidem
839 1706 876 1738 et
906 1703 992 1748 ipse
1024 1704 1098 1738 iam
1130 1703 1169 1738 in
1201 1701 1364 1738 Graecis
1396 1701 1541 1738 Literis
1573 1700 1623 1735 ad
1653 1710 1742 1736 eum

324 1769 558 1806 progressus
599 1758 751 1793 modum
799 1761 841 1793 ut
889 1758 1106 1803 Epistolam
1146 1758 1327 1794 Criticam
1374 1757 1421 1792 ad
1463 1757 1740 1793 Rulmkenium

323 1815 594 1860 scripsissem,
637 1813 872 1858 Lugdunum
911 1812 1074 1848 veniens
1111 1815 1153 1848 ut
1192 1823 1242 1848 ex
1281 1813 1367 1848 eius
1406 1814 1444 1848 et
1485 1810 1740 1847 Valckenarii

326 1881 412 1906 cum
457 1869 760 1913 consuetudine,
809 1872 887 1904 tum
930 1878 1021 1904 vero
1064 1868 1232 1914 scholis,
1281 1868 1448 1913 amplius
1492 1869 1741 1914 proficerem:

325 1935 401 1972 ego
440 1926 562 1972 igitur
591 1924 851 1960 Terentianas
890 1924 998 1959 illius
1038 1925 1193 1960 scholas
1233 1934 1374 1971 magno
1414 1934 1499 1958 curn
1539 1923 1741 1958 doctrinae

326 1983 456 2017 fructu
494 1980 650 2020 au‹livi;
690 1983 734 2015 ut
770 1983 848 2015 tum
889 1979 1040 2014 demum
1080 1980 1120 2015 in
1158 1980 1231 2015 hoc
1267 1989 1414 2026 genere
1452 1979 1605 2014 discere
1645 1978 1741 2014 mihi

326 2037 502 2083 viderer,
541 2036 640 2081 quod
673 2035 711 2071 in
751 2035 957 2081 proverbio
995 2035 1156 2082 dicitur,
1196 2039 1380 2080 quantum
1420 2045 1511 2073 aera
1549 2035 1742 2070 distarent

326 2088 582 2138 lupinis2***)
621 2092 738 2136 idque
774 2094 909 2137 postea
948 2091 1102 2126 narravi
1141 2091 1300 2137 saepius
1340 2091 1444 2138 aliis,
1480 2091 1545 2137 qui
1583 2090 1740 2126 easdem

327 2148 483 2184 scholas
512 2147 712 2193 quondam·
733 2147 809 2182 aiio
830 2150 1023 2198 tempore,
1052 2146 1121 2182 sed
1150 2147 1440 2194 negligentius,
1472 2149 1743 2193 usurpassent,

235 2208 315 2245 111
337 2215 439 2257 nunc
468 2203 620 2239 demum
652 2203 744 2239 mihi
774 2202 981 2239 affirmanti
1010 2203 1059 2238 de
1089 2202 1242 2238 illarum
1264 2202 1502 2248 praestantia
1529 2212 1619 2238 sero
1650 2212 1744 2238 cre-

332 2357 358 2399 ⁸)
385 2357 584 2389 Rulinkenii
619 2357 761 2388 Dictata
794 2359 828 2388 in
858 2357 1065 2390 Terentium
1101 2359 1198 2399 (post
1228 2359 1265 2389 P.
1297 2358 1369 2389 Iac.
1403 2357 1606 2392 Brunstum)
1637 2363 1742 2395 sepa-

377 2404 480 2434 ratim
512 2402 620 2433 edidit
645 2403 779 2433 Ludov.
804 2403 964 2441 Scliopen
990 2404 1150 2440 (Bonnae
1178 2403 1315 2440 1825.);
1353 2403 1443 2433 Dict.
1470 2403 1505 2432 in
1529 2401 1741 2432 Suetonium

377 2448 447 2478 lac.
474 2447 562 2478 Geel
599 2447 730 2487 (bugd.
757 2448 833 2478 Bat.
859 2447 998 2486 1828„
1030 2449 1124 2479 Dict.
1148 2448 1192 2479 ad
1219 2448 1337 2480 Ovidii
1361 2447 1532 2479 Heroides
1556 2446 1652 2478 Frid.
1679 2445 1740 2476 Tr.

377 2492 615 2523 Friedemann
640 2492 755 2531 (Lips.
783 2491 904 2530 1831.)
949 2493 1022 2524 FR.

331 2555 380 2596 ⁴⁸)
404 2558 458 2590 Cf.
483 2567 590 2598 supra
614 2566 695 2598 pag.
725 2557 780 2588 ed.
807 2567 856 2598 pr.
884 2559 938 2589 91.
964 2567 1016 2599 sq.
1062 2559 1135 2590 FR.

332 2622 394 2662 Μ)
421 2626 542 2657 Horat.
571 2626 680 2663 Epist.
705 2625 730 2662 l,
754 2625 787 2666 7,
811 2625 866 2655 22.
891 2634 942 2665 sq.

482 2680 543 2710 l'z'r
567 2680 677 2711 honus
700 2681 734 2711 et
757 2681 900 2720 sapifns
923 2682 1042 2720 dissuis
1065 2682 1116 2712 ait
1140 2689 1213 2711 esse
1233 2681 1415 2720 paratus:

471 2724 547 2758 Nec
571 2726 690 2756 tamen
717 2726 880 2766 iynorat,
905 2726 990 2767 quid
1012 2726 1145 2758 distent
1167 2734 1258 2757 aera
1283 2726 1430 2766 lupinis.
1478 2725 1552 2755 FB.
