1833 3237
680 173 845 213 -77
904 197 957 202 -

114 286 247 324 Diario
285 285 534 323 Eruditorum
579 286 729 323 Gallico
774 284 1034 335 prodenda.*)
1112 287 1223 323 Fecit
1252 287 1526 324 Ruhnkenius.

116 343 308 380 Libellum
347 353 460 388 porro
511 353 597 378 cum
639 342 796 388 seriptis
839 343 1041 379 codicibus
1071 343 1247 391 contulit,
1288 345 1525 393 emendavit,

117 402 156 434 et
195 399 243 434 ad
282 399 489 435 editionem
533 400 616 434 fere
656 402 832 444 paratum
863 399 1021 444 reliquit
1050 400 1233 435 moriens.
1291 396 1341 437 Et
1372 405 1419 436 ne
1450 399 1525 435 hoc

118 454 248 502 fugiat
278 455 411 490 harum
435 454 649 490 Literarum
671 455 881 500 studiosoS,
912 455 975 490 bie
1001 459 1059 490 est
1089 456 1155 491 ille
1176 457 1324 492 Rlzelor
1353 459 1390 491 et
1413 456 1525 491 Lon-

112 512 245 559 qz‘nus,
276 521 388 555 quem
418 511 649 555 simpliciter
679 511 741 545 his
773 511 992 546 nominibus
1017 512 1259 558 significavit
1289 512 1380 547 aliis
1408 512 1525 547 dein-

116 566 164 601 de
203 567 244 602 in
280 567 461 613 seriptiS,
501 566 668 601 maxime
709 566 748 601 in
789 567 911 601 altera
951 567 1099 602 Timaei
1139 568 1320 603 editione.
1389 567 1528 604 Simile

116 622 207 667 quid
239 632 283 657 se
313 621 650 668 animadvertisse,
682 622 776 657 mihi
796 624 989 674 narrabat,
1019 622 1121 668 apud
1144 624 1322 658 Photium
1344 624 1383 658 in
1408 625 1527 670 Aga-s

116 678 331 722 thmchide,
362 678 477 714 euius
508 681 691 724 excerpta
721 688 852 714 errore
881 679 1028 714 librarii
1058 679 1097 713 in
1129 679 1205 714 duo
1225 679 1381 714 diversa
1411 679 1526 724 capi-

116 737 156 769 ta
186 744 276 769 esse
305 734 472 780 divulsa,
503 737 557 779 ut,
588 733 808 770 interiectis
849 735 938 769 aliis
978 734 1138 769 aliorum
1171 735 1411 780 Scriptorum
1450 745 1525 770 ex-

116 791 290 838 cerpus,
322 790 484 825 alterum
517 793 632 836 eaput
662 801 733 826 suo
765 791 914 826 auctori
946 792 1185 826 subtractum
1218 793 1254 825 et
1284 791 1323 825 in
1355 791 1525 825 alienum

116 855 254 881 nomen
284 846 524 893 migraverit.
583 846 661 881 Sed
693 846 766 881 hoc
796 847 909 891 quale
940 848 991 881 sit
1023 846 1187 881 nondum
1225 847 1324 881 satis
1354 846 1528 881 iudicare

117 901 249 946 potui3
282 901 590 946 quandoquidem
633 903 769 936 neutra
810 902 849 936 in
897 902 1025 937 Photii
1065 902 1260 948 editione,
1302 902 1527 937 Hoescbelii

119 959 158 991 et
188 956 356 1004 schotti,
397 956 487 1002 quid
519 956 565 991 ad
605 957 819 1004 marginem
850 960 1033 1002 notatum,
1074 967 1145 992 nec
1182 957 1223 992 in
1264 957 1529 1002 peculiaribus

116 1012 428 1048 adversariorum
466 1013 626 1048 schedis
666 1013 872 1059 quidquam
912 1024 935 1047 a
976 1013 1211 1049 Ruhnkenio
1249 1013 1526 1061 significatum,

116 1067 246 1104 adhuc
275 1068 416 1114 reperi.
430 1064 487 1115 **)

228 1124 386 1160 Mortuo
417 1123 608 1168 Albertio‚
648 1126 907 1170 quaerebatur
939 1125 1004 1170 qui
1035 1127 1215 1161 affectum
1247 1125 1412 1161 alterum
1445 1126 1529 1160 He-

116 1179 247 1224 sychii
277 1180 457 1215 volumen
497 1180 730 1216 absolveret.
788 1181 891 1216 Huic
922 1181 1147 1226 provinciae.
1178 1181 1347 1216 omnium
1379 1190 1528 1225 exspe-

117 1234 290 1270 ctatione
318 1238 357 1271 et
377 1235 580 1273 voluntate
601 1236 870 1271 destinabatur
894 1237 1166 1272 Ruhnkenius‚
1223 1236 1363 1284 Igitur,
1404 1246 1529 1271 occu-

114 1293 229 1336 patus
267 1290 445 1336 quamvis
485 1301 607 1326 novae
637 1292 849 1327 cathedrae
885 1292 1028 1327 studiis
1059 1296 1097 1328 et
1127 1291 1528 1338 commentationibus,

114 1346 240 1382 noluit
268 1347 343 1382 hoe
372 1347 458 1383 sive
487 1348 660 1394 pietatis,
693 1348 780 1383 sive
805 1348 1038 1396 Liternum,
1068 1359 1208 1384 munus
1239 1348 1456 1396 defugere:
1488 1350 1526 1383 et
1541 1344 1621 1383 129

116 1413 204 1438 eum
244 1406 359 1438 antea
406 1403 499 1439 vivo
544 1404 722 1440 Albertio
760 1404 922 1440 multum
971 1404 1185 1450 profuisset
1226 1404 1272 1439 ad
1316 1403 1529 1440 ornandum

116 1459 372 1507 Hesychium,
413 1459 469 1495 ita
507 1462 600 1496 tunc
638 1461 705 1497 illo
746 1463 908 1506 mortuo,
951 1461 1155 1508 egregiam
1196 1470 1356 1506 eamque
1393 1460 1528 1505 dupli-

115 1525 201 1550 cem
231 1515 323 1550 buie
353 1515 539 1551 volumini
571 1517 698 1552 dotem
730 1517 889 1564 adiecit,
922 1517 1084 1552 alteram
1115 1516 1526 1562 Animadversionum‚

116 1580 204 1606 cum
244 1570 284 1606 in
325 1581 372 1606 ea
401 1575 511 1617 parte
541 1573 607 1607 ubi
647 1573 847 1608 defecerat
887 1573 1107 1620 AlbertiuS,
1146 1576 1226 1608 tum
1266 1574 1306 1608 in
1337 1573 1528 1608 Auctario

115 1626 163 1661 ad
203 1627 351 1662 calcem
390 1627 623 1671 additarum,
661 1628 922 1664 Praefationis
962 1629 1133 1663 alteram.
1192 1628 1291 1663 Nam
1337 1629 1384 1663 ab
1424 1627 1531 1662 edito

117 1682 239 1728 primo
271 1683 466 1719 volumine
496 1683 543 1718 ad
576 1684 720 1719 obitum
753 1684 915 1719 editoris
946 1684 1115 1719 sedecim
1147 1685 1304 1719 fuerant
1334 1683 1445 1719 anni:
1490 1685 1530 1719 et

115 1739 265 1774 interea
286 1738 549 1774 Ruhnkenius
579 1739 774 1787 insignem
806 1740 910 1775 illam
940 1740 1173 1775 ineditorum
1204 1740 1355 1784 copiam
1386 1741 1529 1775 Gram-

117 1794 342 1833 maticorum
389 1804 478 1835 eum
513 1794 692 1842 aliunde,
744 1799 824 1830 tum
876 1805 898 1830 e
946 1795 1194 1830 bibliothecis
1238 1795 1532 1830 parisiensibus

116 1853 255 1886 nactus
307 1852 408 1899 erat,
455 1860 614 1895 quorum
658 1850 945 1896 comparatione
987 1851 1230 1896 Hesychium
1280 1850 1530 1891 emendaret:

113 1906 153 1941 in
194 1906 255 1942 his
293 1906 467 1942 Lexicon
508 1907 785 1957 Rhetoricum,
832 1907 945 1942 euius
995 1908 1222 1952 compilator
1267 1917 1289 1942 e
1340 1907 1530 1952 pleniore,

117 1972 231 2008 quam
259 1972 364 1998 nune
394 1965 468 2009 est,
501 1963 690 2006 Hesychii
721 1962 900 2007 exemplo
931 1962 1096 2007 plurima
1127 1962 1278 2007 sumsit,
1308 1963 1411 1997 unde
1441 1962 1529 1998 eius

117 2018 313 2064 scriptura
341 2022 381 2052 et
409 2017 630 2064 corrigatur
658 2021 695 2053 et
733 2018 999 2063 locupletetur.
1058 2017 1165 2059 Quod
1198 2018 1457 2054 Ruhnkenius
1487 2020 1527 2054 in

118 2074 368 2109 praefatione
419 2074 625 2109 manifesto
674 2073 978 2119 demonstravit,
1028 2074 1239 2110 ostendens
1287 2075 1529 2120 Hesychium

117 2130 315 2175 proposito
345 2138 430 2175 suo,
459 2129 557 2175 quod
589 2129 627 2164 in
648 2130 826 2175 Epistola
856 2130 902 2164 ad
925 2130 1134 2178 Eulogium
1160 2131 1375 2181 profitetur,
1404 2131 1530 2165 satis-

118 2185 281 2236 fecisse,
313 2184 484 2220 Lexicon
516 2185 641 2231 ipsum
673 2190 809 2232 postea
839 2187 886 2221 ab
917 2186 1006 2221 aliis
1037 2187 1252 2221 mutilatum
1285 2189 1321 2220 et
1352 2186 1539 2232 interpo-‘

117 2241 236 2277 latum
267 2251 368 2277 esse.
428 2243 629 2289 „Exortus
661 2242 762 2277 enim
795 2236 916 2283 erat‚“
946 2245 988 2276 ut
1010 2241 1236 2277 Ruhnkenii
1268 2241 1397 2277 verbis
1428 2246 1529 2288 utar,

117 2297 201 2345 „vir
228 2297 346 2345 longe
377 2297 682 2345 eruditissimus,
722 2301 760 2332 et
790 2297 829 2331 in
861 2298 1023 2332 Graecis
1053 2297 1195 2332 Litoris
1234 2298 1420 2333 familiam
1451 2299 1529 2333 du·-

118 2363 251 2401 „eens,
290 2353 369 2401 qui,
409 2363 495 2389 eum
538 2353 705 2389 vidisset
744 2352 933 2398 I-lesycbii
963 2353 1137 2388 Lexieou
1178 2363 1252 2389 non
1292 2354 1529 2400 respondere

119 2524 148 2567 *)
173 2529 226 2561 Cf.
258 2528 414 2560 wolfius
455 2530 615 2562 Analect.
646 2531 707 2568 lv,
737 2529 814 2561 515.
880 2529 932 2559 De
964 2527 1119 2560 Davisiis
1148 2529 1358 2561 Ruhnkem'z‘
1397 2531 1529 2564 celebri

163 2573 321 2615 quodam
344 2575 490 2614 reperto
513 2574 710 2607 litterario.
760 2573 1044 2605 LINDEMANN.
1158 2578 1160 2581 ·

122 2638 165 2677 ’·)
190 2641 244 2671 De
276 2642 344 2671 boe
374 2641 518 2672 invento
552 2642 597 2671 ef.
636 2641 821 2680 xvj’ttenb.
860 2641 893 2670 in
929 2642 1099 2671 memoria
1124 2638 1232 2681 GQL.
1261 2642 1524 2682 wassenaerii;

170 2684 254 2723 Opn.
281 2685 383 2716 Toni.
415 2686 458 2716 ΙΙ.
493 2696 523 2725 p.
559 2686 634 2717 317.
695 2686 982 2717 LlNDEMANN.
1016 2702 1058 2706 —-
1089 2685 1170 2724 Ipsa
1202 2686 1245 2717 de
1276 2687 1343 2719 hoc
1378 2690 1527 2719 invento

166 2730 276 2760 verba
298 2731 501 2762 Ruhnkenii
537 2732 704 2770 leguntur
736 2731 824 2770 apud
852 2731 1098 2770 Bergnianum,
1136 2731 1237 2761 cuins
1261 2732 1527 2764 adnotationem

164 2774 221 2805 hic
245 2776 408 2812 repetere
432 2784 501 2807 non
527 2784 615 2816 opus
641 2785 722 2807 esse
746 2775 941 2806 videbatur.
992 2775 1062 2806 ΕΒ.
