1816 3233
864 212 1170 256 —194—

311 288 602 361 Pagaemgilgfde
626 333 691 366 eo,
722 327 813 367 quod
834 326 939 360 hodie
961 330 1027 370 sit,
1061 335 1133 360 non
1155 326 1234 359 heri
1263 328 1322 359 aut
1345 333 1432 358 cras
1461 326 1520 359 aut
1540 317 1721 367 perendie.

467 375 619 413 Ideoque
648 370 843 404 hodiernus
871 374 948 405 dies
983 383 1053 406 non
1085 373 1243 406 refertur
1281 372 1326 403 ad
1356 373 1446 404 hanc
1477 377 1644 412 aetatem,
1679 374 1722 405 ad

470 421 556 450 haec
579 422 738 457 tempora
760 426 948 460 eorumque
973 418 1224 460 conditionem,
1259 417 1323 449 sed
1349 420 1411 448 aut
1434 419 1615 458 hesterno,
1639 420 1724 450 cra-

468 465 575 506 stino,
600 464 792 504 perendino
817 465 884 496 diei
910 467 1096 505 opponitur
1127 466 1185 496 aut
1213 463 1417 503 simpliciter
1445 465 1497 494 sic
1520 468 1723 504 usurpatur,

467 513 505 540 ut
528 510 640 549 hunc,
665 517 766 548 quem
789 511 1046 550 quummaxime
1069 517 1176 550 agas,
1200 509 1290 540 diem
1313 511 1462 548 spectet.
1507 509 1583 540 Non
1606 511 1720 550 magis

467 556 575 595 igitur
604 553 795 585 hodiernos
828 554 942 586 libros
979 563 1080 596 quam
1114 554 1307 586 hodiernos
1337 560 1476 596 mores,
1510 552 1722 586 hodiernam

466 599 706 640 eloquentiam
742 604 780 631 et
811 601 954 640 similia,
993 609 1080 640 quae
1114 603 1148 632 in
1185 601 1308 632 horum
1344 601 1584 630 recentiorum
1618 600 1721 631 libris

466 653 574 684 saepe
596 645 780 686 leguntur,
815 647 933 677 dicere
962 645 1110 682 licebat,
1141 647 1204 677 sed
1233 646 1347 685 potius
1374 642 1491 675 ,libros
1520 644 1724 676 recentiore

466 690 642 722 memoria
659 689 809 730 (hodie)
832 691 992 731 scriptos
1016 692 1075 724 vel
1098 689 1212 722 libros
1234 689 1489 722 recentiorum.
1523 689 1578 722 Cf.
1591 690 1720 722 Krebs.

467 737 489 767 l.
516 737 538 767 l.
565 744 645 777 pag.
670 736 747 766 386.
773 744 826 776 sq.

308 782 482 816 138.vs.3.
507 789 531 812 a
555 798 598 803 —
617 779 800 821 facultate
823 780 1043 812 desueverat.
1091 779 1145 814 Cf.
1171 782 1213 812 ad
1240 789 1319 820 pag.
1345 781 1402 821 33,
1426 779 1480 811 13.

327 846 364 852 —
395 827 501 860 —17.
527 834 637 867 quum
657 826 764 858 semel
787 834 828 857 os
850 827 900 858 ad
923 826 1116 858 dicendum
1140 826 1352 866 aperuisset.
1400 825 1524 866 virgil.
1557 827 1645 858 Aen.
1677 825 1723 862 11,

463 873 541 904 242.
578 871 679 902 Tunc
710 872 820 903 etiam
845 871 940 912 satis
968 873 1091 912 aperit
1123 871 1335 904 Cassandra
1361 868 1504 912 futuris
1531 869 1626 914 Ora,
1665 871 1724 904 dei

464 918 567 949 iussu
589 925 661 948 non
682 925 854 958 umquam
878 918 1022 950 credita
1048 918 1205 950 Teucris.

307 976 427 1010 140.-
444 977 477 1007 3.
501 974 656 1006 interius
683 974 881 1006 noscerent.
935 974 1044 1006 {mmo
1073 974 1218 1013 penitus
1251 974 1309 1006 vel
1339 973 1569 1016 damnatius,
1603 972 1722 1014 sami-

464 1020 598 1051 liarius
620 1019 812 1050 novissent.
859 1020 911 1052 Cf.
937 1021 979 1051 ad
1003 1027 1082 1060 pag.
1106 1019 1163 1059 28,
1187 1019 1242 1050 15.
1268 1022 1305 1050 et
1329 1021 1386 1060 59,
1411 1019 1442 1051 1.
1472 1019 1551 1059 245,
1577 1018 1630 1051 17.

319 1082 363 1102 ‘-
392 1094 427 1101 -—
443 1077 476 1108 8.
503 1076 537 1107 et
560 1075 679 1107 adhuc
700 1075 739 1105 in
762 1083 851 1106 sene.
899 1076 965 1106 Hic
990 1074 1128 1114 quidem
1152 1074 1273 1106 adhuc
1297 1076 1405 1106 vitari
1427 1076 1481 1106 sic
1503 1077 1662 1115 poterat,
1685 1079 1724 1108 ut

465 1118 574 1162 atque
597 1121 707 1153 etiam
730 1120 769 1151 in
791 1129 873 1152 sene
906 1121 966 1152 vel
994 1120 1029 1151 et
1051 1120 1091 1150 in
1112 1128 1194 1152 sene
1217 1121 1328 1152 etiam
1351 1121 1538 1153 scriberet.
1586 1121 1653 1152 Sed
1678 1119 1722 1152 de

464 1166 584 1199 adhuc
607 1168 684 1198 adv.
712 1174 896 1205 perperam
921 1169 1088 1206 usurpato
1113 1167 1299 1207 aliquoties
1323 1166 1488 1206 diximum,
1521 1168 1558 1199 et
1580 1168 1722 1199 omnino

464 1221 535 1245 non
559 1215 659 1244 iuvat
683 1213 807 1243 eadem
831 1213 951 1243 decies
976 1215 1154 1252 repetere.

325 1287 363 1294 -
394 1287 430 1294 --
447 1268 504 1302 15.
529 1267 685 1300 vetantis
709 1267 866 1310 amicos,
895 1275 938 1298 ne
962 1285 1005 1289 —
1025 1265 1203 1308 facerent.
1254 1267 1363 1300 Certe
1387 1266 1608 1299 scribendum
1632 1270 1724 1308 erat,

463 1313 635 1357 vetantis,
668 1321 712 1344 ne
734 1313 844 1344 amici
865 1311 1033 1353 facerent
1040 1323 1054 1351 ‚⁶
1089 1313 1150 1345 sed
1175 1322 1276 1354 quum
1299 1315 1386 1346 haec
1409 1317 1586 1346 structura
1609 1315 1723 1353 magis

466 1361 593 1392 fuisset
628 1359 780 1398 poetica,
813 1360 881 1390 hoc
910 1361 1024 1399 potius
1056 1359 1280 1399 praestabat:
1315 1358 1474 1391 vetantis
1496 1359 1634 1390 amicos
1654 1356 1721 1399 fa-

466 1413 558 1437 cere.
605 1404 656 1436 Cf.
682 1403 812 1436 Krebs.
838 1404 862 1434 l.
888 1405 910 1435 l.
938 1412 1013 1445 pag.
1039 1404 1116 1435 808.
1143 1413 1195 1444 sq.

331 1481 367 1487 -
402 1461 509 1494 -21,
533 1460 688 1492 heroicis
709 1459 872 1500 ingeniis.
924 1460 1017 1491 Malo
1049 1459 1280 1502 praeclaris,
1319 1459 1454 1491 divinis
1481 1460 1634 1501 inqeniis
1662 1460 1723 1499 vel

465 1506 611 1538 heroum
638 1502 817 1536 similibus
844 1505 1007 1546 ingeniis.
1054 1505 1143 1536 vid.
1158 1505 1308 1538 Weber.
1339 1503 1622 1547 Uebunysschule
1651 1508 1721 1538 etc.

468 1561 546 1593 pag.
570 1552 625 1582 63.
657 1551 785 1582 Krebs.
811 1551 835 1582 1.
862 1551 883 1581 Ι.
911 1559 990 1591 pag.
1014 1550 1093 1581 383.
1311 1589 1315 1591 ¹
1370 1590 1372 1593 y

322 1615 360 1624 -
392 1616 429 1624 -
444 1598 499 1630 22.
524 1595 734 1636 intemperie
757 1595 917 1636 quadam
940 1600 1007 1628 eto.
1055 1596 1146 1627 Gell.
1171 1595 1212 1626 N.
1237 1596 1282 1627 A.
1307 1595 1442 1637 xvnl,
1472 1596 1505 1627 ’7.
1531 1596 1623 1629 med.
1655 1595 1722 1627 In-

465 1642 654 1682 temperies
676 1641 771 1683 ista,
795 1649 886 1682 quae
909 1640 1117 1682 μελαγχολία
1141 1640 1295 1684 dicitur,
1318 1649 1390 1672 non
1411 1641 1543 1682 parvis
1565 1649 1630 1674 nec
1653 1640 1722 1673 ab-

465 1687 568 1720 iectis
590 1687 743 1729 inqenus
766 1687 914 1718 accidit.

307 1735 428 1770 141.-
443 1733 501 1766 13.
524 1733 591 1765 hoc
612 1733 706 1765 enim
729 1733 790 1764 est.
838 1733 916 1764 Non
938 1733 1075 1763 acuitur
1097 1732 1130 1763 h.
1155 1732 1180 1763 l.
1207 1740 1319 1773 neque
1342 1733 1404 1764 alii
1429 1735 1615 1773 opponitur
1639 1741 1723 1773 pro-

466 1786 606 1811 nomen.
654 1779 772 1816 Quare
799 1777 866 1808 hoc
890 1777 943 1809 est
965 1777 1059 1808 enim
1083 1778 1306 1810 scribendum
1330 1782 1423 1811 erat.
1471 1778 1526 1810 Cf.
1543 1778 1622 1811 adn.
1642 1786 1722 1811 mea

465 1825 510 1857 ad
535 1824 759 1862 Quinctilian.
783 1825 835 1861 X,
860 1821 897 1860 1,
921 1822 976 1853 78.
1002 1826 1092 1854 extr.

307 1871 428 1906 142-
443 1871 476 1902 8.
503 1870 542 1900 in
565 1876 635 1910 quo
658 1867 855 1909 formando
877 1866 1006 1898 Musae
1029 1874 1149 1898 omnes
1172 1867 1207 1899 et
1232 1866 1387 1899 Gratiae
1411 1869 1641 1908 conspirasse
1662 1869 1722 1899 vi-

464 1914 631 1947 deantur.
692 1915 813 1946 Simile
847 1918 905 1945 est
948 1913 1037 1953 quod
1072 1914 1116 1944 de
1150 1911 1395 1952 Xenophontis
1435 1922 1602 1946 sermone
1637 1914 1723 1946 dixit

465 1960 719 1998 Quinctilianus
744 1960 795 1999 X,
820 1960 836 1990 1
852 1981 861 1999 ,
885 1958 940 1989 92.
970 1957 1011 1988 ut
1042 1957 1144 1996 ipsae
1167 1966 1365 1989 sermonem
1380 1956 1543 1999 'finxisse
1567 1958 1722 1991 Gratiae

462 2005 666 2036 videantur.
700 2008 735 2037 et
761 2004 889 2036 Cicero
921 2002 1034 2044 (Orat.
1059 2002 1091 2041 S.
1117 2002 1188 2044 62.)
1222 2004 1265 2036 de
1297 2005 1441 2037 eodem:
1473 2002 1723 2045 Xenophontis

463 2058 549 2082 voce
571 2048 698 2081 Musas
719 2049 826 2090 quasi
847 2048 990 2080 locutas
1010 2046 1148 2088 serunt.

324 2114 360 2121 —
391 2114 427 2121 -
443 2095 502 2128 12.
524 2103 621 2126 nunc
641 2095 800 2135 perdito.
847 2094 898 2126 Cf.
924 2094 966 2126 ad
991 2102 1069 2134 pag.
1096 2094 1172 2134 127,
1196 2096 1258 2126 22.

324 2160 361 2168 -
391 2160 428 2166 -
443 2141 500 2173 20.
522 2141 584 2173 sed
607 2148 692 2172 vero
719 2141 829 2172 etiam
851 2148 897 2171 ea:
919 2139 1080 2180 Hegesia.
1113 2140 1191 2170 Non
1222 2141 1360 2172 memini
1376 2148 1434 2172 me
1451 2141 1505 2171 sic
1520 2147 1663 2181 usquam
1683 2141 1719 2172 in

468 2190 625 2220 veterum
652 2186 747 2218 libris
773 2188 937 2224 scriptum
964 2185 1105 2223 legisse,
1132 2189 1167 2216 ut
1190 2190 1271 2224 post
1293 2193 1366 2216 non
1389 2185 1506 2217 solum
1527 2187 1721 2225 poneretur

466 2232 527 2264 sed
559 2240 645 2263 vero
676 2232 794 2263 etiam.
844 2231 961 2271 ltaque
993 2230 1291 2270 wyttenbachius
1318 2231 1378 2262 vel
1401 2232 1549 2270 simplex
1571 2230 1634 2262 sed
1656 2239 1720 2270 po-

467 2286 555 2310 nere
573 2278 630 2308 vel
648 2285 734 2309 vero
758 2278 840 2308 illud
866 2279 1030 2308 omittere
1055 2275 1112 2306 vel
1134 2277 1168 2307 in
1194 2277 1285 2307 hunc
1305 2278 1410 2308 etiam
1436 2277 1576 2308 niodum
1600 2276 1721 2311 dicere

470 2323 634 2355 debebat:
666 2323 729 2355 sed
752 2331 797 2354 eoe
820 2321 972 2362 Heyesia
995 2329 1133 2362 quoque
1156 2321 1266 2352 etiam
1294 2320 1386 2361 (Cic.
1410 2321 1454 2354 ad
1477 2322 1576 2353 Fam.
1601 2321 1660 2360 IV,
1685 2321 1724 2352 8.

465 2369 507 2400 ut
541 2376 595 2400 me
623 2377 695 2399 non
716 2368 832 2399 solum
862 2368 983 2399 omnia
1005 2365 1132 2398 debere
1155 2367 1220 2398 tua
1243 2373 1380 2410 causa,
1414 2366 1477 2398 sed
1507 2374 1552 2397 ea
1581 2373 1721 2407 quoque

464 2414 592 2456 etiam,
620 2422 714 2455 quae
736 2422 809 2445 non
828 2414 981 2456 possim,
1003 2411 1162 2452 putem.)
1210 2412 1285 2444 Nou
1308 2414 1460 2452 ineptum
1486 2415 1543 2444 est
1565 2421 1611 2443 ne
1633 2413 1718 2443 illud

466 2460 619 2500 quidem:
650 2460 712 2491 sed
732 2459 929 2499 praeterea
952 2457 1062 2490 etiam
1085 2465 1131 2490 ear.²
1153 2456 1314 2498 Heqesia.
1361 2458 1529 2490 Similiter
1552 2464 1638 2488 vero
1663 2457 1721 2489 of-

463 2506 575 2537 fendit
600 2505 693 2537 infra
713 2514 792 2547 pag.
816 2504 898 2545 150,
931 2505 984 2536 13.
1019 2507 1055 2536 in
1079 2513 1139 2535 vv.
1172 2503 1235 2535 sect
1257 2511 1345 2536 vero
1366 2503 1471 2544 lonqe
1490 2500 1718 2543 fructuosis-

461 2558 600 2581 simam.

308 2593 431 2627 144.—
447 2596 480 2626 7.
505 2604 641 2628 aeram.
690 2595 767 2627 Vid.
791 2595 920 2627 Krebs.
947 2594 969 2624 Ι.
994 2595 1018 2626 l.
1041 2602 1120 2634 pag.
1145 2593 1222 2625 136.

324 2656 363 2664 -
391 2657 428 2664 -
444 2643 475 2672 9.
501 2641 737 2681 emperientia.
782 2640 892 2672 Immo
915 2647 991 2671 usu.
1040 2639 1118 2670 Vid.
1143 2638 1277 2671 Krebs.
1300 2640 1324 2671 l.
1348 2639 1373 2670 l.
1397 2646 1480 2681 pag.
1501 2638 1582 2671 340.

326 2703 363 2709 —
392 2703 427 2708 —
446 2686 500 2718 11.
524 2694 666 2725 prosae.
713 2687 794 2718 Vox
807 2685 990 2718 Ciceronis
1016 2686 1172 2724 tempore
1196 2692 1266 2715 non
1291 2686 1430 2725 usitata,
1455 2686 1518 2717 sed
1538 2687 1606 2716 iam
1630 2684 1718 2724 apud

461 2732 647 2771 Velleium‚
671 2733 889 2774 Suetonium,
915 2731 1180 2768 Quinctilianum
1204 2738 1276 2761 non
1299 2730 1517 2771 infrequens.
1555 2730 1720 2762 Plerum-

463 2783 529 2816 que
560 2778 697 2809 additur
725 2776 870 2819 oratio,
907 2778 987 2815 quia
1018 2783 1134 2815 prosa
1162 2775 1389 2808 adiectivum.
1433 2776 1572 2815 [Quare
1603 2776 1719 2817 Berg-

461 2830 583 2854 manus
608 2823 640 2854 h.
664 2823 688 2855 l.
710 2830 826 2863 prosa
848 2820 1047 2861 scriptione
1076 2822 1210 2854 rectius
1242 2822 1351 2855 scribi
1377 2822 1506 2862 putat]
1554 2820 1626 2854 Sed
1649 2821 1714 2854 ab·

1556 2903 1578 2916 Q
