1816 3233
638 219 947 263 ...221—

157 343 246 368 vero
268 336 307 368 in
330 332 481 374 Polybio
504 334 641 367 edendo
665 334 796 374 profuit
829 333 964 372 pariter
986 338 1029 363 ac
1053 330 1335 371 wyttenbachio
1357 330 1393 361 in
1416 328 1502 360 Plu-

156 382 269 413 tarchi
292 381 449 413 editione
472 380 550 412 198.
590 381 631 410 Η.
658 380 792 410 flauam
814 377 1125 409 commendatione
1148 385 1212 409 sua
1235 376 1378 408 adiuvat
1401 376 1504 413 eique

155 425 399 464 Phrynichum
421 424 599 456 Arabium
623 424 792 456 edendum
816 423 922 454 tradit
947 421 1023 452 199.
1058 421 1208 465 Timaei,
1233 423 1390 460 itemque
1411 418 1504 450 Elo-

153 471 208 511 μὴ·
230 470 540 502 Hemsterhusiani
563 470 710 501 alteram
735 469 939 506 editionem,
964 470 1035 499 tum
1058 466 1196 498 Mureti
1221 474 1330 505 opera
1348 473 1385 496 a.
1402 464 1506 496 1789.

157 516 288 546 emittit
313 515 390 546 199.
411 522 488 556 sqq.
525 514 571 545 ad
597 522 704 545 unum
728 516 764 544 et
787 513 989 544 continuum
1021 520 1111 551 opus
1135 512 1258 544 edendi
1290 511 1369 542 libri
1400 516 1506 550 quum

156 562 342 591 senectute
371 563 448 592 tum
478 557 696 598 temporibus
736 565 805 589 nec
832 557 972 596 publice
1002 565 1072 588 nec
1103 558 1271 597 privatim
1303 555 1508 595 opportunis

158 604 295 635 tardior
323 604 440 635 factus
471 612 504 636 a.
538 603 638 634 1791.
676 605 805 643 promit
834 601 1078 632 Scholiastam
1107 600 1296 637 Platonis‚·
1328 602 1508 631 avocatur

157 649 253 680 filiae
278 650 421 680 maioris
445 649 545 689 gravi
568 648 690 679 morbo
725 651 760 679 et
783 647 880 678 obitu
906 646 1090 677 Francisci
1115 647 1388 685 Hemsterhusii,
1419 652 1506 685 quo-

148 700 235 725 ·cum
258 694 292 725 ei
317 694 476 725 fraterna
500 700 610 732 prope
634 691 865 723 necessitudo
889 692 1128 722 intercedebat
1151 691 1228 721 201.
1253 690 1348 722 eoetr.
1373 689 1407 720 et
1430 695 1507 729 sqq.

158 739 200 769 ad
231 738 463 770 Scholiastam
495 738 712 769 Platonicum
746 737 860 768 denuo
891 736 985 767 redit
1015 745 1047 767 a.
1079 736 1174 767 1792.
1204 743 1248 767 ac
1280 735 1395 766 denuo
1421 734 1508 766 inde

156 786 333 815 n'vncatur
368 787 490 815 vetere
527 783 587 813 illa
626 782 859 822 perfectiouis
895 782 1058 821 opinione
1089 789 1132 812 ac
1165 789 1229 820 spe
1263 781 1305 811 ad
1332 779 1508 811 Velleium

158 828 362 867 traductam,
395 836 418 859 a
449 836 518 868 quo
549 830 664 858 tamen
694 828 773 865 ipso
803 834 925 856 rursus
957 830 1129 857 avocatur
1159 833 1244 856 cura
1267 823 1509 856 Schelleriani

157 871 289 903 Lewicz·
311 871 417 914 Lat.5
445 873 551 903 cuius
581 872 726 902 editioni
759 874 905 910 praeest
934 874 970 902 et
996 879 1127 901 novum
1153 872 1188 901 in
1213 871 1336 902 literas
1366 869 1508 900 confert

159 916 367 948 beneficium
391 916 469 948 204.
494 923 569 956 sqq.
593 924 706 947 annus
732 916 828 946 1793.
854 919 889 946 et
913 920 964 955 sq.
990 918 1023 946 ei
1046 916 1195 947 luctuosi
1228 916 1369 946 fuerunt
1395 917 1508 945 morte

158 962 200 993 fl.
224 963 268 993 A.
292 962 503 993 Schultensii
535 964 572 992 et
593 961 630 992 P.
655 961 892 991 Nieuwlandii
922 959 1000 990 207.
1025 967 1101 1000 sqq.
1142 960 1258 990 altera
1289 962 1509 999 consequuta

159 1008 216 1037 est
237 1014 271 1038 a.
298 1006 399 1037 1795.
421 1008 511 1046 reip.
536 1006 742 1044 conversio,
776 1006 885 1036 noxia
913 1004 1035 1036 studiis
1066 1010 1102 1036 et
1126 1006 1178 1035 rei
1201 1004 1389 1035 familiaris
1414 1004 1507 1034 disii-

153 1051 291 1082 ctiltaoe
311 1050 536 1082 incommoda
559 1050 642 1081 212.
667 1050 762 1081 extr.
787 1049 821 1080 et
843 1056 919 1089 sqq.
958 1051 992 1079 in
1018 1057 1086 1088 quo
1111 1050 1280 1081 distracto
1304 1051 1506 1089 agitatoque

160 1100 320 1136 tempore
344 1096 490 1127 brevem
516 1096 550 1125 ei
566 1095 607 1125 ad
626 1095 748 1126 literas
773 1095 921 1125 reditum
946 1094 1062 1125 attulit
1084 1102 1210 1125 munus
1227 1096 1508 1133 inexspectatum

159 1140 220 1172 Fr.
252 1142 340 1181 Aug.
375 1140 527 1181 Woifii,
563 1140 619 1178 qui
655 1140 799 1170 Homeri
835 1139 1027 1170 editionem
1064 1140 1131 1179 ipsi
1166 1139 1394 1170 dedicaverat
1429 1138 1508 1169 214.

158 1192 272 1225 grave
295 1186 401 1217 etiam
425 1184 508 1216 illud
534 1184 608 1224 fuit,
633 1184 724 1222 quod
742 1184 892 1215 oblatam
910 1184 1075 1223 deinceps
1088 1184 1306 1215 Graecarum
1324 1184 1508 1215 literarum

158 1230 363 1265 cathedram
396 1228 718 1270 Wyttenbachius,
754 1228 984 1269 Spaldingius
1015 1234 1122 1268 atque
1153 1228 1307 1260 VVolfius
1342 1227 1508 1268 repudia-

159 1276 290 1305 verunt
319 1272 401 1305 215.
426 1291 468 1298 -—
491 1273 694 1305 Ruhnkenii
724 1277 887 1312 naturae,
923 1273 1124 1311 doctrinae,
1160 1275 1268 1305 animi
1301 1279 1509 1312 morumque

158 1318 261 1350 dotes
277 1326 328 1349 »ac
354 1320 528 1349 virtutes:
559 1317 821 1357 intelliqentiae
844 1317 878 1348 et
902 1317 1135 1357 cogitationis
1156 1318 1331 1350 naturalis
1355 1317 1509 1348 facilitas

154 1363 238 1394 216.
261 1370 338 1403 sqq.
375 1363 549 1394 doctrina
572 1362 793 1393 Graecarum
818 1365 853 1392 et
875 1363 1080 1393 Latinarum
1104 1364 1307 1402 literarum,
1341 1363 1510 1393 historiae

147 1411 195 1439 et
214 1409 436 1448 ⁸antiquitatis
458 1408 539 1438 222.
561 1414 637 1447 sqq.
670 1407 859 1446 singularis
883 1407 1051 1446 quaedam
1077 1407 1262 1438 doctrinae
1287 1408 1361 1438 laus
1385 1407 1451 1438 fuit
1475 1409 1510 1437 in

150 1452 298 1484 Ruhnk.
329 1451 413 1484 betae
441 1451 626 1483 scribendi
653 1450 818 1490 tactcltas
840 1451 919 1481 226.
944 1458 1018 1491 sqq.
1057 1451 1296 1482 institutionis
1330 1451 1364 1482 et
1395 1451 1510 1482 disci-

155 1496 283 1536 plinae
305 1499 400 1529 ratio
427 1497 505 1527 231.
530 1497 624 1527 eoetr.
648 1496 684 1527 et
705 1504 781 1536 sqq.
819 1496 963 1526 animus
986 1504 1006 1527 a
1031 1501 1159 1527 natura
1181 1497 1333 1528 imbutus
1361 1495 1510 1535 pulchri

158 1541 353 1582 decorique
374 1549 480 1572 sensa
503 1540 699 1582 acerrinw,
724 1543 782 1581 qui
805 1540 968 1580 legendis
992 1541 1131 1573 assidue
1155 1543 1294 1581 optimis
1318 1542 1511 1581 quibusque

150 1587 379 1619 &tacentum
403 1591 438 1619 et
456 1587 696 1618 Romanorum
721 1587 860 1622 scriptis
874 1586 1041 1616 ¹alebatur
1062 1587 1322 1627 aucrebaturque
1337 1586 1419 1618 241.
1433 1592 1508 1625 sqq.

158 1632 216 1664 liic
239 1633 272 1663 ei
295 1639 425 1663 sensus
456 1632 524 1663 fuit
553 1635 589 1663 et
619 1638 763 1661 morum
789 1629 873 1669 fons
902 1634 938 1662 et
970 1628 1092 1669 officio
1106 1638 1176 1661 ‘nm
1198 1631 1329 1672 requla
1353 1631 1433 1662 244.
1456 1637 1509 1670 sq.

158 1683 251 1707 vera
273 1675 332 1706 sui
353 1676 560 1708 aestimatio
584 1684 660 1708 cum
679 1676 838 1706 ccmclore
863 1680 900 1706 et
923 1675 1099 1706 modestia
1123 1678 1308 1708 coniuncta
1327 1675 1412 1707 245.
1433 1682 1508 1715 sqq.

159 1723 236 1753 eius
260 1721 427 1753 iudicium
452 1722 602 1753 maxime
627 1721 737 1752 valuit
761 1722 796 1752 in
820 1722 923 1751 novis
945 1720 1120 1751 vocandis
1138 1721 1403 1753 Professoribus
1428 1720 1509 1751 249.

159 1766 194 1797 et
222 1765 309 1797 adn.
349 1766 473 1807 mayni
509 1766 624 1797 animi
659 1769 696 1798 et
724 1767 891 1806 generosi
923 1765 1140 1796 documenta
1171 1766 1252 1797 249.
1282 1773 1359 1806 sqq.
1399 1764 1511 1795 bonus

158 1812 225 1842 fuit
251 1810 528 1851 paterfamilias
555 1811 635 1842 254.
659 1818 736 1850 sqq.
773 1812 935 1849 inprimis
968 1819 1058 1842 vero
1089 1809 1200 1840 bonas
1232 1811 1324 1841 civis
1355 1812 1510 1850 optima-

158 1864 307 1895 rumque
329 1859 480 1895 partium
507 1858 543 1887 et
565 1856 629 1886 fuit
652 1859 689 1886 et
713 1855 852 1886 habitus
876 1860 932 1887 est
954 1855 1032 1885 256.
1056 1863 1133 1895 sqq.
1169 1855 1362 1886 naturales
1390 1859 1510 1887 tamen

157 1899 246 1931 illae
272 1900 429 1931 virtutes
453 1899 672 1941 facilitatis,
707 1899 907 1941 candoris„
935 1898 1195 1942 liberalitatis,
1227 1902 1262 1932 in
1295 1901 1511 1932 cottidianae

158 1946 254 1976 vitae
277 1947 432 1986 negotiis
457 1949 492 1976 et
510 1944 762 1977 consuetudine
786 1947 862 1976 eius
886 1945 1016 1976 iudicio
1038 1950 1075 1977 et
1092 1947 1243 1977 acumini
1262 1953 1510 1985 nonnunquam

159 1989 358 2021 olfecerunt
381 1990 460 2021 259.
483 1996 560 2029 sqq.
602 1989 763 2028 adeptam
788 1991 822 2019 in
848 1989 1126 2028 iurisprudentia
1150 1991 1371 2030 facultatem,
1409 1998 1510 2030 quam

160 2034 497 2074 intelligentissimis
528 2034 700 2065 iudicibus
732 2035 966 2074 probaverat,
1004 2036 1148 2066 minime
1180 2043 1268 2074 prae
1299 2043 1340 2067 se
1370 2035 1511 2066 ferebat

159 2078 242 2110 261.
283 2079 496 2111 adolescens
522 2083 662 2110 creatus
684 2086 790 2119 quum
815 2083 915 2110 esset
938 2079 1180 2119 philosophiae
1204 2080 1339 2112 Doctor
1361 2082 1400 2111 et
1421 2081 1511 2111 libe—

161 2123 229 2155 ral.
261 2126 392 2155 artium
424 2125 614 2165 Magister,
650 2131 755 2156 nemo
788 2128 903 2155 tamen
935 2126 1115 2164 quisquam
1152 2125 1195 2156 de
1228 2133 1272 2157 eo
1301 2127 1436 2157 honore
1465 2133 1510 2156 ex

160 2168 302 2200 Ruhnk.
341 2169 526 2210 quidquam
563 2170 766 2207 audiverat,
809 2173 844 2200 et
881 2170 1085 2207 paucissimi
1121 2173 1388 2209 cognoverunt,
1431 2177 1511 2202 eum

162 2215 451 2254 quinquagesimo
475 2222 568 2245 anno
593 2217 674 2254 post
698 2213 814 2245 denuo
839 2222 921 2245 esse
952 2214 995 2245 ab
1019 2214 1126 2245 Acad.
1151 2215 1363 2255 VVitteberg.
1390 2215 1508 2246 hono-

162 2258 262 2290 rifice
285 2259 498 2298 appellatum
521 2259 600 2290 262.
626 2260 662 2288 in
688 2259 761 2290 vita
785 2261 960 2289 communi
986 2260 1182 2289 communis
1204 2267 1288 2290 esse
1309 2259 1451 2291 volebat
1473 2261 1513 2291 et

162 2303 409 2335 Professorem
435 2304 634 2343 deponebat
655 2303 734 2334 263.
769 2306 940 2334 extremis
964 2304 1100 2334 demum
1126 2306 1221 2335 vitae
1250 2306 1352 2336 annis
1377 2305 1430 2336 rei
1453 2304 1510 2335 fa-

163 2348 312 2379 ciendae
334 2351 585 2380 necessitatem
609 2350 743 2387 sensit,
768 2348 830 2378 sed
855 2349 1004 2379 fructum
1031 2351 1129 2379 huius
1154 2349 1262 2380 officii
1285 2357 1358 2380 non
1381 2356 1508 2388 perce-

161 2394 225 2435 pit,
249 2396 429 2424 caeterum
452 2395 521 2425 sibi
544 2395 620 2432 ipse
644 2394 779 2432 ignovit
800 2392 878 2423 264.
904 2400 955 2433 sq.
980 2401 1023 2424 eo
1048 2394 1162 2433 magis
1187 2394 1423 2432 praedicanda
1444 2394 1512 2425 fuit

162 2437 356 2469 liberalitas
379 2440 527 2471 Senatus
552 2439 639 2477 reip.
664 2438 833 2477 Batavae,
853 2439 943 2477 quod
967 2438 1170 2469 Ruhnkenii
1193 2439 1366 2470 literatam
1391 2439 1511 2478 supel-

162 2482 316 2513 lectilem
350 2484 591 2514 Bibliothecae
628 2483 735 2522 Lugd.
772 2483 986 2521 vindicavit,
1030 2485 1204 2523 pretiique
1238 2484 1320 2515 ioco
1358 2484 1509 2524 vectigal

163 2533 318 2558 annuum
342 2529 466 2559 viduae
489 2528 640 2568 filiisque
664 2526 796 2557 duabus
815 2529 997 2558 constituit
1010 2529 1089 2559 265.
1119 2530 1154 2558 in
1173 2529 1215 2559 R.
1240 2530 1336 2560 vitae
1359 2529 1511 2560 facilitas

160 2571 238 2603 266.
252 2579 328 2612 sqq.
352 2573 575 2604 ardelionum
601 2573 854 2611 impudentiam
881 2573 976 2603 brevi
1000 2574 1281 2613 interrogatione
1306 2574 1511 2605 confutabat

160 2616 242 2647 270.
275 2615 324 2656 cf.
348 2618 403 2648 98.
438 2633 480 2639 -
512 2617 624 2655 Quale
657 2624 786 2656 corpus
818 2617 926 2648 fuerit
951 2617 1182 2659 Ruhnkenio,
1215 2619 1336 2657 quibus
1359 2625 1451 2658 puer
1474 2621 1510 2649 et

160 2660 368 2692 adolescens
400 2662 712 2694 exercitationibus
744 2668 827 2692 usus
852 2664 898 2692 sit
920 2661 998 2692 270.
1022 2669 1075 2701 sq.
1118 2670 1164 2693 ex
1195 2663 1249 2693 his
1274 2665 1510 2695 exercitatio-

161 2705 264 2736 nibus
286 2707 433 2737 retinuit
456 2710 492 2738 et
515 2713 628 2746 usque
653 2705 695 2736 ad
722 2709 916 2737 extremam
940 2710 1162 2737 senectutem
1196 2707 1510 2740 factitavitvena-

161 2751 311 2790 tionem,
345 2751 494 2792 ideoque
517 2754 623 2782 etiam
648 2750 857 2788 Scriptores
877 2749 945 2781 Rei
975 2750 1166 2782 venaticae
1195 2751 1355 2784 Graecos
1379 2755 1417 2784 et
1440 2754 1508 2784 La-

162 2794 254 2826 tinos
276 2794 429 2828 libenter
456 2796 583 2837 legens
612 2803 744 2828 novam
776 2796 816 2826 iis
847 2796 1037 2829 editionem
1066 2797 1309 2831 destinaverat
1327 2796 1410 2829 271.
1433 2804 1508 2844 sqq.
