1816 3233
608 213 913 255 —197—

54 285 137 321 Pag.
146 284 193 314 ed.
202 284 300 319 princ.

54 326 225 361 162.vs.2.
248 324 392 367 publice
413 326 453 359 in
474 325 658 367 Prytaneo
688 327 750 359 ali.
796 328 862 360 Hic
891 328 1027 368 quidem
1058 329 1259 361 rectissime
1289 329 1457 367 scriptum

207 371 360 412 publice.
416 373 541 405 Cicero
581 373 624 404 de
663 374 787 405 eadem
826 381 866 405 re
904 373 963 405 lib.
997 375 1023 406 Ι.
1061 375 1104 407 de
1137 374 1233 406 Orat.
1272 373 1339 413 54,
1377 373 1453 404 232.

208 418 398 458 respondit
422 417 620 459 (socrates)
644 426 717 450 sese
739 419 927 462 meruisse,
950 420 990 450 ut
1013 419 1245 459 amplissimis
1266 417 1457 450 honoribus

209 463 244 494 et
264 464 442 503 praemiis
470 464 710 495 decoraretur
741 465 775 496 et
804 463 846 495 ut
868 465 900 495 ei
922 465 1040 496 victus
1063 465 1269 496 cotidianus
1297 463 1336 495 in
1357 462 1456 504 Ρνμ-

210 508 317 540 taneo
337 508 482 548 publice
503 507 753 549 praeberetur.

72 569 110 576 —
139 554 228 586 —4.
251 554 390 585 amicos
411 555 575 594 experiri
595 552 764 595 perfidos.
809 554 919 586 Immo
950 554 1056 585 amic.
1087 561 1299 595 coqnoscere
1326 552 1456 595 perfid.

211 600 269 632 vel
291 599 438 642 sentire,
463 601 552 639 quod
578 608 611 631 v.
638 604 693 632 est
716 602 817 631 etiam
844 600 1051 640 elegantius.
1088 599 1266 640 Emperiri
1290 599 1458 641 tentandi,

212 644 418 685 explorandi
450 646 685 685 probandique
724 644 1011 687 significationem
1043 646 1157 677 habet.
1213 646 1265 676 De
1295 647 1338 676 iis
1370 653 1460 685 quae

209 693 401 729 sequuntur
424 697 512 730 quos
532 687 626 730 fidos
649 690 809 722 dzcoeerat
832 691 900 721 vid.
926 691 969 722 ad
984 691 1110 722 Muret.
1135 690 1215 722 Vol.
1234 690 1258 720 1.
1283 699 1363 731 pag.
1378 690 1457 722 115.

72 752 108 758 —-
137 749 176 758 —
192 735 225 767 5.
254 733 348 773 Quid
371 735 464 765 enim
486 734 556 765 nisi
577 733 737 776 perfidos
759 735 989 775 appellemus.
1035 735 1108 768 Cic.
1133 736 1174 766 ad
1200 736 1294 767 Fam.
1320 735 1381 774 IX,
1403 735 1457 766 21.

211 778 306 818 Quid
337 779 402 811 tibi
433 788 496 821 eqo
528 781 567 810 in
602 781 762 820 epistolis
794 780 946 812 videor?
982 781 1041 811 ubi
1073 788 1258 820 perperam
1295 781 1459 820 supplent

210 833 327 866 aqere.
375 826 496 857 Horat.
530 827 639 865 Epist.
671 828 707 865 Ι,
742 825 793 857 11.
827 835 878 866 pr.
919 825 1012 865 Quid
1043 824 1108 857 tibi
1137 826 1218 856 visa
1252 824 1356 857 Chios
1385 830 1457 858 etc.

211 870 265 902 Cf.
291 871 468 923 Krueger.
501 870 562 902 Gr.
596 872 637 902 L.
672 872 705 910 S.
729 870 806 902 430.
840 872 918 902 adn.
943 873 974 902 3.
1028 872 1165 903 Platon.
1196 872 1372 902 Phaedon.
1402 872 1457 902 26.

209 914 245 947 τί
269 914 304 947 δὲ
328 911 355 969 ἦ
375 914 468 957 ψυχή
493 915 548 947 σοὶ
572 915 748 955 φαῖνε-ται,-
784 917 928 948 Phaedr.
960 924 1037 956 pag.
1062 917 1140 948 234.
1168 915 1207 948 C.
1240 915 1274 947 τί
1298 927 1352 947 σοι
1377 915 1456 952 φαί-

208 972 306 992 νεται
338 958 356 992 ὁ
380 959 500 1000 λόγοςς
536 960 713 992 Charmid.
739 962 772 992 4.
805 961 839 992 τί
862 972 916 993 σοι.
940 960 1098 998 φαίνεται
1121 959 1139 994 ὁ
1162 960 1350 1000 νεανίσκος,-
1385 962 1457 992 Eu-

208 1006 365 1048 thydem.
389 1006 445 1037 ⁵77.
471 1005 506 1037 ‘ri'
529 1004 591 1037 οὖν
613 1004 792 1043 ἐφαίιοντό
817 1017 870 1038 σοι
894 1005 942 1045 (οἱ
964 1003 1114 1050 ἇνδρες),-

70 1068 107 1076 -
135 1067 174 1075 -
190 1051 246 1084 10.
274 1050 419 1090 Ulyssis.
470 1050 586 1082 Ulixis
610 1054 690 1092 quin
714 1051 932 1083 scribendum
958 1053 1014 1090 sit,
1038 1052 1127 1083 haud
1151 1051 1255 1082 facile
1280 1052 1460 1092 quisquam

209 1105 305 1128 nunc
335 1097 476 1128 dubitat.
529 1098 639 1135 Quam
679 1099 905 1136 scripturam,
947 1105 1070 1128 veram
1106 1099 1219 1137 utique
1251 1100 1287 1129 et
1317 1100 1460 1134 certam,

210 1151 312 1182 quum
346 1142 632 1173 commendasset
658 1143 935 1181 Lindemannus‚
969 1143 1118 1174 alteram
1151 1144 1263 1182 potius
1295 1142 1362 1172 sibi
1393 1142 1458 1172 de-

209 1187 419 1219 fendendam
444 1190 582 1227 putavit
605 1188 843 1228 Bergrnanus,
877 1188 968 1218 idem
993 1189 1294 1229 reprehensurus,
1327 1194 1406 1222 eam
1431 1188 1460 1218 si

211 1235 287 1273 quis
312 1232 567 1264 Germanorum
600 1235 787 1272 posuisset.
833 1211 887 1264 ’CR
914 1233 1088 1264 Plutarch.
1113 1233 1270 1264 Marcell.
1302 1240 1379 1271 cap.
1403 1231 1460 1263 20.

210 1276 268 1309 καὶ
299 1276 424 1317 λόγχας
451 1274 548 1313 τινὰς
579 1275 666 1308 ἐδείν
650 1289 774 1309 ι’νισαν
803 1277 859 1309 καὶ
891 1276 998 1321 κράτη
1028 1278 1155 1316 χαλκᾶ,
1188 1275 1231 1308 τὰ
1254 1289 1314 1314 μεν
1338 1277 1460 1317 ἔχοντα

210 1320 413 1366 Μηριόνου,
443 1320 505 1359 τὰς
528 1321 564 1354 δὲ
588 1320 647 1353 Οὐ
656 1323 673 1354 ).
685 1322 794 1361 ι’ξου,
828 1323 1005 1354 τουτέστιν
1025 1320 1226 1363 Ὀδυσσέως,
1256 1320 1458 1366 ἐπιγραφάς.

208 1367 382 1401 ceterum
406 1375 483 1399 cum
508 1377 581 1399 vss.
608 1369 751 1399 Homeri
776 1369 832 1408 qui
854 1370 1051 1408 sequuntur
1075 1369 1107 1400 h.
1129 1369 1150 1399 l.
1176 1370 1372 1408 comparari
1395 1375 1461 1408 po-

209 1415 330 1445 terant
353 1413 545 1444 Horatiana
569 1414 641 1444 Sat.
667 1413 710 1452 Π,
736 1415 768 1452 5,
791 1413 849 1444 20.
873 1422 924 1452 sq.

74 1475 111 1481 —
142 1456 251 1490 -45,
275 1466 347 1489 uno
371 1458 501 1489 tenore.
550 1457 603 1490 Cf.
628 1459 670 1489 ad
696 1466 775 1497 pag.
800 1457 855 1497 34,
878 1458 933 1489 17.

53 1504 134 1537 163.
141 1521 175 1527 -
193 1504 249 1536 10.
273 1504 378 1535 unice
408 1511 432 1534 a
454 1502 595 1534 Ruhnk.
641 1504 792 1534 Videtur
826 1506 875 1535 sic
907 1503 1064 1535 scribere
1095 1503 1256 1535 voluisse
1286 1503 1462 1543 wytten-

210 1550 377 1582 bachius.
402 1547 447 1579 ab
471 1557 541 1579 uno
566 1548 689 1589 (solo)
713 1546 853 1579 Rulmlc.
900 1548 952 1580 Cf.
978 1550 1021 1580 ad
1044 1556 1124 1591 pag.
1145 1549 1202 1589 20,
1225 1550 1258 1580 8.

73 1612 110 1618 -
141 1595 248 1627 -22,
273 1593 535 1635 speciminibus.
595 1594 803 1625 Praestabat
836 1594 1079 1636 documentis,
1116 1595 1324 1634 praesertim
1357 1601 1460 1634 quum

209 1642 277 1672 hoc
301 1649 378 1672 voc.
403 1634 570 1680 nusquam
595 1639 738 1678 legatur
762 1640 889 1680 plurali
913 1648 1058 1671 numero
1085 1642 1242 1679 positum.
1463 1650 1465 1653 ’

55 1685 175 1718 164.-
192 1688 224 1718 5.
248 1686 420 1717 literatae
452 1683 604 1715 civitati.
655 1685 765 1716 Immo
797 1685 956 1716 literatis
986 1683 1194 1716 hominibus.
1231 1684 1273 1716 cf.
1308 1684 1351 1715 ad
1383 1691 1459 1725 pag.

211 1732 272 1766 93,
298 1731 354 1763 17.
401 1731 455 1762 De
478 1729 690 1761 Literarum
712 1730 910 1761 statoribus
941 1732 986 1762 cf.
1019 1739 1107 1771 quae
1137 1731 1283 1762 diximus
1315 1729 1358 1760 atl
1381 1737 1462 1770 pag.

210 1776 295 1814 112,
324 1776 379 1808 14.

72 1838 109 1844 -
141 1821 247 1853 -12,
271 1822 311 1852 in
334 1838 376 1842 —
401 1819 613 1852 oblivionem
636 1819 762 1851 abiret.
812 1821 864 1852 Cf.
890 1820 932 1851 ad
958 1829 1035 1862 pag.
1061 1819 1138 1859 146,
1161 1819 1193 1851 7.

70 1884 107 1890 -
137 1867 244 1899 —14.
270 1865 541 1897 Ruhnkenium:
572 1865 666 1897 unde
690 1865 780 1896 Ern.
812 1866 846 1897 et
876 1866 1015 1897 didicit.
1049 1867 1070 1897 i.
1096 1874 1128 1896 e.
1161 1864 1204 1896 R.
1229 1871 1253 1895 a
1276 1870 1346 1905 quo
1368 1862 1461 1895 Ern.

211 1912 246 1944 et
269 1912 342 1943 did.
390 1911 461 1943 Sed
485 1911 653 1943 adverbia
682 1912 768 1943 haud
794 1919 877 1943 raro
903 1914 1008 1943 eiiam
1033 1912 1074 1942 ad
1100 1918 1274 1950 personas
1300 1910 1461 1941 referun-

211 1961 268 1989 tur
291 1959 326 1988 in
351 1958 558 1988 Latinorum
592 1958 732 1995 scriptis
766 1959 898 1996 pariter
930 1963 1036 1997 atque
1061 1955 1289 1988 Graecorum.
1338 1954 1392 1987 Cf.
1419 1954 1462 1986 de

210 2003 347 2034 Latinis
369 2003 542 2038 Krueger.
569 2001 631 2032 Gr.
656 2001 687 2038 ἓ.
714 2002 789 2033 579.
816 2003 894 2032 adu.
922 2003 954 2033 1.

55 2048 173 2082 165.-
192 2051 283 2080 extr.
315 2047 416 2078 Venit
438 2047 588 2087 denique
612 2046 760 2087 tempus.
792 2047 886 2079 Malo
913 2046 990 2078 I'en.
1006 2046 1150 2078 tandem
1168 2045 1316 2086 tempus.
1350 2046 1463 2078 Recte

213 2094 310 2124 infra
332 2100 412 2133 pag.
439 2101 490 2132 sq.
517 2101 557 2121 vs
561 2092 649 2123 .15.

56 2139 178 2171 166.-
196 2140 246 2171 16.
274 2137 343 2169 hac
366 2137 438 2169 loci
461 2137 639 2178 anqustia.
689 2137 797 2168 Immo
821 2136 874 2167 his
897 2136 969 2167 loci
993 2136 1190 2180 anqustiis,
1215 2136 1305 2176 quod
1328 2136 1462 2175 legitur

213 2193 294 2225 pag.
327 2192 378 2224 sq.
412 2192 463 2213 v.s
488 2182 521 2213 1.
578 2183 693 2214 Rarus
724 2182 912 2213 admodum
946 2185 1046 2213 huius
1079 2185 1178 2213 vocis
1209 2186 1265 2213 est
1297 2188 1463 2213 numerus

214 2229 416 2270 singularis.
464 2228 517 2260 Cf.
542 2228 585 2259 ad
608 2229 734 2259 Muret.
759 2228 840 2258 xol
867 2228 890 2259 Ι
918 2237 993 2268 pag.
1020 2228 1096 2259 428.
1473 2231 1476 2233 ’

55 2275 225 2308 167.-5.
246 2273 437 2315 postridie.
485 2273 538 2305 Cf.
562 2273 604 2304 ad
630 2274 753 2304 Muret-
780 2273 858 2303 V.ol
884 2273 927 2303 ll.
953 2282 1028 2313 pac.
1053 2271 1131 2303 214.

78 2338 114 2344 —-
144 2322 227 2353 —9.
255 2328 348 2361 quae
369 2319 569 2359 posteritas
598 2317 752 2349 ein-emt
800 2318 947 2349 Videtur
976 2320 1093 2357 lVytt
1123 2320 1175 2349 sic
1206 2317 1365 2348 scribere
1396 2325 1463 2348 vo-

215 2366 342 2397 luisse.
379 2373 470 2406 quae
500 2363 710 2404 posteritati
749 2363 911 2394 cavenda
948 2363 1081 2400 essent5
1117 2364 1328 2400 praesertim
1361 2371 1464 2402 quum

217 2419 300 2442 mox
333 2409 429 2451 (pag.
460 2418 510 2449 sq.
545 2418 586 2438 vs
589 2409 670 2441 ,4.)
702 2409 790 2439 haec
823 2409 995 2440 dic-intur:
1038 2417 1080 2440 ne
1109 2415 1240 2440 rursus
1274 2407 1489 2454 accidant,

212 2455 412 2497 posteritas
433 2454 609 2485 monenda
632 2453 703 2484 est.-
739 2454 799 2484 sed
824 2455 864 2485 ad
894 2455 1030 2493 imperf.
1064 2456 1240 2486 coniunct.
1272 2453 1464 2493 ponendum

215 2501 388 2533 eiusmodi
412 2501 500 2531 locis
531 2500 692 2530 inductus
717 2507 814 2537 esse,
855 2500 975 2539 quales
1005 2502 1087 2530 sunt
1118 2500 1150 2530 hi
1173 2500 1326 2529 Liviani:
1371 2497 1464 2530 Com-

217 2547 330 2578 sulem
353 2544 572 2576 Marcellum
595 2544 691 2575 haud
713 2544 845 2584 procul
868 2553 961 2582 esse;
986 2545 1034 2575 ad
1059 2552 1137 2575 eum
1158 2543 1341 2575 mitterent
1363 2543 1464 2584 ἱερα-

217 2593 275 2624 tos
297 2591 430 2630 XXIV,
461 2592 517 2621 37.
551 2594 588 2621 et
612 2589 717 2631 VIII,
748 2590 802 2620 24.
837 2590 981 2621 caveret
1003 2588 1231 2625 Arethusiam
1253 2596 1398 2630 aquam.
1431 2592 1466 2620 at

217 2645 364 2676 eorum,
400 2640 434 2667 ut
458 2637 606 2667 aliorum
631 2635 879 2675 complurium,
918 2636 986 2666 alia
1020 2640 1074 2666 est
1105 2638 1206 2666 ratio.
1232 2652 1273 2658 —
1298 2634 1349 2665 De
1374 2643 1464 2666 con-

217 2684 375 2714 iunctivo
405 2680 599 2714 mirareris
630 2689 683 2710 vs.
708 2689 760 2719 sq.
793 2681 838 2711 cf.
871 2689 957 2720 quae
989 2680 1057 2711 dixi
1089 2681 1130 2711 ad
1154 2681 1281 2712 Mutet.
1312 2680 1395 2712 Vol.
1418 2678 1488 2711 ΠΗ

218 2730 254 2760 in
281 2727 439 2759 Addend.
464 2735 547 2767 pag.
573 2726 649 2756 433.
675 2731 764 2756 extr.

82 2793 118 2802 .-
151 2792 186 2799 --
202 2774 261 2806 21.
287 2772 456 2803 ludorum
481 2771 760 2810 Olympicorum.
807 2771 899 2802 Malo
929 2770 1003 2802 lud.
1029 2770 1286 2810 Olympiorum.
1334 2771 1465 2812 „Sem-

220 2827 284 2864 per
315 2822 453 2860 autem,
487 2819 595 2858 inquit
625 2816 851 2848 Ruhnkenius
883 2816 926 2848 ad
959 2816 1069 2849 Andr.
1104 2817 1245 2854 Terent.
1279 2815 1465 2855 Didascal.,
