1833 3237
888 182 1159 223 mm.-

324 299 378 335 sit
416 299 700 336 Nam-ationem
739 297 789 334 de
822 297 915 334 Vita
958 299 992 336 1.
1026 300 1083 335 M.
1114 298 1301 345 Gesneri,
1349 299 1552 347 repetitam
1591 305 1728 348 postea

324 356 364 391 in
404 356 510 391 illius
544 355 753 401 Opust-ulis
798 353 1007 392 aratoriis.
1039 353 1077 403 *)
1138 356 1308 400 Cumque
1348 357 1490 393 multae
1527 358 1607 394 sint
1646 360 1728 394 Er-

324 412 425 448 nesti
466 412 538 446 hoc
568 411 607 446 in
638 421 784 458 genere
827 412 1083 457 scriptiones,
1124 422 1193 458 per
1223 422 1318 457 quas
1349 413 1551 450 multorum
1582 415 1725 450 civium

324 477 479 503 suorum
520 468 742 502 memoriam
786 469 1004 513 posteritati
1046 468 1350 513 commendavit,
1400 479 1546 515 eaeque
1595 481 1727 507 omnes

323 523 520 571 doctrina,
552 524 724 571 ratione,
756 525 950 569 oratione,
983 525 1188 572 egregiae:
1233 525 1328 560 haec
1359 535 1435 560 una
1465 527 1566 561 inter
1595 538 1726 563 omnes

324 579 482 614 excellit
511 589 556 615 eo
589 581 762 627 nomine,
802 581 898 626 quod
931 581 969 616 in
1002 581 1062 616 his
1096 581 1239 617 biteris
1282 591 1355 616 non
1386 581 1497 617 modo
1527 593 1549 617 a
1579 584 1729 628 princi-

322 646 383 683 pe,
415 635 483 671 sed
515 635 562 671 de
593 637 769 683 principe
800 637 846 670 ad
880 637 1104 682 principem,
1136 638 1280 683 scripta
1312 640 1384 674 est.

434 692 497 727 Ad
524 692 597 728 hoc
619 704 741 738 usque
765 696 930 739 tempus,
961 703 1035 738 quo
1058 694 1178 739 primo
1200 694 1433 741 Lugdunum
1453 694 1554 741 veni,
1585 695 1727 731 Ruhn—

323 747 438 783 kenio
475 759 612 794 sospes
644 751 718 784 suit
757 752 795 785 et
825 749 1028 784 incolumis
1071 749 1218 784 domus.
1278 750 1384 786 Uxor
1413 751 1540 786 adbuc
1569 752 1729 788 florebat

322 806 470 839 formae
500 805 746 853 integritate:
778 805 877 840 duae
908 809 1017 840 erant
1048 806 1329 841 festivissimae
1364 807 1504 842 filiolae
1527 808 1571 842 ad
1605 819 1727 853 prae—

322 861 465 895 claram
514 862 747 897 maturitatis
788 872 894 907 spem
941 865 1247 897 succrescentes.
1307 863 1565 899 Rulmkenius
1608 865 1728 912 vulgo

324 917 421 952 felix
461 918 674 953 habebatur
713 920 833 964 pater.
895 918 1020 954 Ecce!
1066 919 1182 953 unius
1214 918 1303 953 anni
1348 920 1509 964 proximi
1561 920 1727 967 (1771.)

323 973 456 1008 fatalis
486 974 673 1019 quaedam
705 973 905 1009 calamitas
935 975 1035 1009 illam
1069 975 1297 1010 felicitatem
1329 975 1367 1010 in
1407 979 1630 1022 perpetuum
1661 979 1728 1012 af-

322 1030 433 1065 flixit.
462 1030 570 1066 Uxor
589 1033 760 1066 tentatur
779 1040 879 1075 aqua
900 1031 1114 1066 intercute:
1137 1031 1259 1065 minor
1280 1030 1359 1066 filia
1380 1041 1465 1066 cnm
1489 1032 1593 1067 vitae
1614 1034 1724 1078 peri-

323 1086 409 1120 culo
450 1089 650 1133 aegrotat:
693 1087 764 1122 liae
795 1086 993 1130 restituta,
1028 1091 1137 1131 pater
1166 1086 1281 1134 gravi
1322 1087 1451 1122 morbo
1496 1088 1729 1134 corripitur:

322 1151 344 1177 e
374 1151 447 1186 quo
488 1143 645 1178 vixdum
679 1142 952 1188 convaluerat,
993 1153 1105 1187 quum
1138 1153 1235 1178 uxor
1273 1143 1476 1189 apoplexia
1507 1148 1727 1191 quassatur,

321 1208 419 1243 quae
439 1198 621 1244 loquendi
647 1210 728 1234 eam
753 1199 952 1245 facultate,
985 1199 1151 1244 denique
1182 1200 1282 1245 visu,
1309 1200 1454 1245 privat:
1485 1210 1571 1236 mox
1604 1202 1729 1236 minor

322 1254 440 1290 filiola
476 1258 514 1289 et
563 1256 647 1301 ipsa
686 1255 883 1290 oculorum
925 1266 1082 1290 sensum
1123 1256 1278 1299 penitus
1318 1256 1473 1294 amittit.
1535 1259 1578 1293 In
1619 1260 1727 1293 tanta

231 1313 310 1350 :158
324 1311 415 1346 mali
446 1312 660 1357 atrocitate,
691 1312 1053 1357 carissimorumque
1081 1313 1249 1357 capitum
1281 1312 1408 1356 clade,
1440 1313 1527 1359 quis
1558 1323 1631 1349 non
1655 1324 1729 1360 pa·-

323 1370 382 1403 ter
412 1370 478 1402 aut
498 1371 624 1403 mente
646 1368 901 1404 concidisset.
932 1370 999 1403 aut
1029 1378 1202 1404 moerore
1233 1369 1490 1417 extabuisset,
1523 1373 1590 1405 aut
1621 1373 1729 1406 certe

321 1423 444 1459 dolori
474 1422 781 1460 succubuisset?
810 1424 1084 1460 Rultnkenium
1117 1425 1303 1460 naturalis
1334 1426 1521 1470 quaedam
1553 1427 1728 1472 corporis

322 1489 604 1526 nervorumque
645 1481 828 1524 firmitas,
874 1484 911 1515 et
941 1481 1020 1526 illa,
1050 1480 1097 1516 de
1128 1492 1201 1527 qua
1232 1492 1352 1526 saepe
1383 1482 1569 1528 diximus,
1610 1483 1728 1518 animi

323 1536 492 1572 facilitas
543 1538 798 1582 aequitasque
846 1537 1094 1572 sustentavit.
1169 1538 1363 1582 Principio
1403 1538 1448 1573 ad
1484 1539 1727 1584 repentinum

321 1592 432 1638 quasi
461 1594 636 1629 fulminis
667 1594 783 1629 ictum
815 1593 1017 1644 attonitus,
1044 1597 1203 1639 stupore
1234 1595 1427 1641 defigitur.
1471 1595 1580 1632 Unde
1611 1605 1729 1641 quum-

322 1649 368 1684 ad
412 1659 455 1684 se
494 1650 618 1696 ipsum
662 1654 699 1685 et
739 1653 925 1685 consucta
972 1651 1074 1685 vitae
1113 1651 1270 1698 negotia
1310 1651 1512 1697 rediisset,
1553 1651 1726 1688 eiusdem

322 1705 492 1750 stuporis
533 1706 698 1741 subinde
739 1706 916 1741 incidunt
947 1706 1117 1751 reditus,
1161 1706 1225 1751 qui
1257 1718 1343 1743 eum
1374 1708 1474 1743 inter
1512 1707 1728 1744 docendum

320 1761 418 1796 adeo
450 1771 469 1795 c
500 1763 695 1806 frequenti
728 1763 959 1796 discentium
992 1762 1182 1797 auditorio
1213 1764 1322 1798 abire
1352 1768 1510 1809 cogunt.
1581 1765 1727 1801 Paula-

322 1817 388 1853 tim
420 1827 510 1862 spes
533 1828 620 1852 eum
651 1818 769 1864 erigit
799 1817 1066 1853 restituendae
1089 1818 1223 1853 uxoris
1253 1824 1290 1854 et
1311 1819 1467 1864 filiolae,
1499 1830 1727 1866 quamquam

322 1883 422 1909 vana
449 1873 536 1918 illa3
578 1884 663 1908 nam
694 1874 885 1908 exhausto
917 1879 1194 1919 consumtoque
1234 1875 1335 1910 omni
1366 1876 1618 1912 remediorum
1652 1887 1725 1918 usu

322 1933 360 1965 et
389 1930 673 1976 experimento,
717 1933 880 1975 utraque
910 1930 947 1964 in
980 1930 1113 1965 eadem
1146 1930 1256 1966 clade
1287 1931 1478 1976 hodieque
1508 1933 1625 1968 vivit:
1657 1933 1725 1968 sed

322 1990 447 2021 tamen
488 1997 580 2032 spes
621 1996 708 2021 eum
749 1985 886 2033 erigit:
927 1986 1019 2021 huie
1050 1986 1228 2022 succedit
1257 1988 1376 2031 ratio,
1419 1988 1584 2034 denique
1624 1992 1728 2024 tem-

323 2040 470 2088 pus'**)
513 2047 550 2077 et
581 2043 846 2085 consuetudo,
878 2042 916 2077 in
949 2043 1090 2087 quibus
1121 2043 1355 2079 lenissimam
1388 2044 1726 2081 efficacissimam-

323 2109 398 2145 que
437 2099 581 2134 doloris
624 2099 854 2134 medicinam
895 2099 1026 2145 aegris
1069 2099 1297 2135 mortalibus
1341 2102 1542 2137 constituit
1582 2101 1725 2148 optima

323 2165 464 2201 parens
497 2159 655 2202 natura,
700 2155 864 2200 eiusque
895 2154 1207 2200 sapientissimus
1238 2160 1374 2192 auctor
1403 2158 1522 2193 Deus.
1583 2159 1726 2194 Ruhn-

323 2212 463 2247 kenius
493 2222 589 2247 suae
619 2212 763 2246 sensim
793 2211 889 2246 sorti
919 2211 1131 2257 assuescit,
1162 2213 1297 2247 uxoris
1328 2213 1547 2258 filiolaeque
1576 2214 1725 2249 cladem

320 2267 549 2314 integritate
581 2271 617 2303 et
649 2269 742 2304 flore
772 2267 930 2303 maioris
960 2267 1064 2303 filiae
1093 2272 1332 2314 compensat,
1361 2269 1582 2304 intermissa
1612 2270 1726 2305 Lite-

321 2333 449 2359 rarum
481 2324 611 2359 studia
641 2324 804 2371 repetit,
835 2327 1104 2360 renascentem
1135 2325 1301 2361 subinde
1330 2325 1499 2361 dolorem
1530 2326 1726 2362 suavitate

321 2379 521 2415 doctrinae
561 2380 766 2427 abstergit.
1055 2425 1057 2429 ¹

436 2437 487 2472 Et
525 2436 636 2482 quasi
678 2438 834 2472 fortuna
874 2436 1003 2472 omnia
1041 2436 1284 2484 experiretur
1324 2437 1462 2483 quibus
1499 2437 1725 2475 Ruhnkenii

321 2493 578 2528 constantiam
620 2493 898 2541 labefactaret,
939 2494 1010 2530 sub
1048 2493 1148 2530 idem
1182 2494 1217 2530 ei
1256 2497 1406 2540 tempus
1447 2493 1545 2530 alias
1584 2495 1725 2531 obiecit

323 2601 353 2645 *)
379 2602 508 2634 Eadem
534 2605 686 2644 repetita
713 2604 845 2643 legitur
877 2605 911 2634 in
946 2605 1036 2644 Aug.
1073 2605 1241 2636 Matthiae
1265 2604 1452 2646 Ememplis
1487 2604 1727 2646 Eloquentiae

368 2648 521 2680 Latinae
544 2652 579 2679 et
602 2651 637 2679 in
663 2650 925 2690 Eloquentiam
950 2650 1120 2681 Virorum
1145 2649 1436 2681 Narrationzbus
1459 2651 1503 2682 de
1536 2651 1627 2682 Vitis
1644 2650 1725 2681 Ho-

367 2695 502 2725 minum
527 2694 725 2725 doctrinae
751 2696 787 2726 et
809 2694 948 2726 ‘virtute
972 2697 1221 2727 excellentium
1237 2718 1249 2737 5
1275 2704 1359 2735 quas
1385 2696 1459 2735 ipse
1488 2696 1605 2736 edidi,
1640 2696 1721 2728 Vol.

372 2739 414 2769 Π.
441 2746 524 2777 pag·
549 2738 579 2769 l.
604 2748 675 2779 sqq.
768 2740 842 2770 FR.

327 2781 372 2822 ⁶⁸)
395 2781 528 2828 Χρόνος
554 2781 618 2827 γὰρ
643 2781 790 2829 εὐμαρὴς
815 2783 909 2822 θεός.
936 2785 1040 2825 soph.
1069 2785 1197 2816 Electr.
1224 2784 1300 2816 179.
1348 2785 1421 2816 FR.
