1816 3233
838 133 1139 173 —160-

302 251 367 285 bat
397 250 435 285 in
475 248 576 284 omni
608 252 645 281 et
685 246 823 281 mentis
863 249 901 281 et
937 247 1110 293 corporis
1151 245 1303 282 actione
1344 253 1542 295 motuque:
1581 251 1705 295 spirat

302 305 418 340 etiam
450 302 621 340 nuncin
660 301 819 347 scriptis
859 302 955 347 viri,
993 313 1153 348 quorum
1196 303 1324 339 nulius
1362 308 1423 339 est
1459 306 1580 347 locus,
1620 305 1706 340 sive

302 361 487 396 materiae
518 361 555 393 et
585 357 830 403 eruditionis,
861 358 1215 394 siveinventionis
1253 364 1292 393 et
1329 358 1466 396 iudicii
1508 361 1546 396 in
1576 361 1704 396 inter-

203 416 284 453 268
301 415 485 462 pretando
517 417 553 448 et
586 413 839 460 emendando,
867 414 952 449 sive
981 415 1229 459 eloquentiae
1260 419 1299 449 et
1329 415 1516 450 orationis
1546 417 1584 451 in
1616 417 1703 451 dis-

299 471 475 513 serendo,
507 470 619 504 cuius
649 470 898 514 praestantia·
922 474 958 505 et
990 471 1168 505 suavitas
1201 480 1271 505 non
1306 481 1328 505 a
1368 471 1571 516 facilitate,
1600 475 1704 507 tam-

253 524 265 531 *
299 537 409 571 quam
449 527 580 571 fonte,
618 525 788 563 fluxerit.
857 527 905 561 Et
945 526 1044 570 quod
1085 524 1285 572 Hirtius*)
1317 526 1364 561 de
1396 528 1566 563 Caesare
1595 528 1705 571 dixit,

299 582 399 616 alios
440 581 543 616 scire
584 591 695 625 quam
728 581 826 616 bene
856 581 1074 627 scripserit,
1105 592 1148 617 se
1180 593 1272 617 vero
1303 583 1417 617 etiam
1449 593 1561 627 quam
1591 583 1707 618 facile

299 636 520 682 scripserit:
566 636 666 671 idcm
708 636 801 671 mihi
851 637 986 672 videor
1030 637 1078 672 de
1126 638 1359 673 Ruhnkenio
1410 649 1526 683 posse
1563 638 1707 674 dicere.

300 693 393 728 Vidi
425 702 510 728 eum
543 693 607 728 diu
639 702 685 727 ac
727 703 867 739 saepe,
905 693 985 727 vidi
1027 703 1112 728 eum
1143 695 1182 727 in
1214 694 1316 728 omni
1345 695 1452 729 vitae
1483 704 1639 729 munere
1671 699 1708 729 et

299 750 466 795 actione,
498 750 535 783 in
576 748 678 784 omni
710 748 929 783 Literarum
960 749 1089 784 studio
1129 753 1166 784 et
1206 751 1547 802 commentatione:
1586 754 1705 785 totum

300 805 494 841 hominum
527 805 572 838 ad
607 803 1002 839 facilitatemssnatum
1043 807 1263 850 factumque
1301 816 1412 851 esse,
1452 806 1543 841 vidi.
1608 808 1706 842 Sunt

299 861 366 906 qui
395 861 441 895 ad
481 860 729 896 scribendum
768 860 1025 906 accedentes,
1068 862 1200 896 nescio
1244 862 1358 910 quid,
1399 862 1628 907 moliantur,
1669 862 1707 897 in

299 918 445 952 chartis
495 916 732 961 calamisque
771 917 1074 962 praeparandis,
1121 917 1232 952 libris
1272 918 1542 963 expromendis
1583 921 1622 952 et
1660 918 1706 952 ad

298 983 453 1008 manum
472 972 675 1022 ponendis,
707 975 808 1007 totas
839 973 956 1007 horas
987 977 1236 1015 consumant,
1268 983 1315 1007 ac
1354 974 1476 1008 veluti
1507 974 1553 1007 ad
1589 983 1707 1018 oppu-

299 1028 495 1076 gnandam
526 1029 659 1063 urbem
691 1029 792 1063 omni
823 1039 867 1062 se
899 1027 1159 1063 instrumento
1191 1032 1355 1074 arment,
1387 1032 1425 1063 et
1455 1029 1568 1073 quasi
1601 1029 1704 1064 vallo

300 1084 477 1131 cingant:
507 1087 586 1118 tum
618 1086 737 1118 totam
778 1084 965 1119 familiam
1003 1084 1171 1119 clamore
1211 1088 1249 1119 et
1287 1084 1466 1120 convicio
1504 1084 1552 1118 ad
1591 1084 1707 1120 auxi-

300 1140 392 1175 lium
424 1140 627 1176 ferendum
670 1140 870 1175 excitent*
915 1140 997 1174 Alii
1055 1140 1178 1182 beati,
1219 1150 1379 1184 quorum
1433 1141 1626 1187 imagines
1673 1140 1712 1175 in

301 1196 455 1231 tabellis
485 1206 576 1231 aere
607 1195 833 1245 expressis,
863 1205 963 1240 quae
993 1195 1175 1231 librorum
1217 1196 1340 1231 titulis
1373 1196 1534 1243 praefigi
1564 1196 1707 1239 solent,

300 1262 584 1297 nonnumquam
625 1251 811 1286 vidimus:
849 1251 960 1286 sedet
996 1251 1173 1286 dominus
1220 1252 1258 1286 in
1300 1252 1425 1297 ampla
1466 1252 1709 1295 bibliotheca,

301 1308 415 1343 talari
446 1312 558 1343 veste
588 1307 769 1353 indutus,
811 1307 1014 1355 scribens,
1054 1307 1363 1354 cogitabundus,
1407 1317 1546 1343 severo
1576 1308 1708 1343 vultu:

302 1364 451 1399 interea
480 1363 618 1399 famuli
648 1362 794 1398 literati
825 1366 981 1408 praesto
1011 1366 1115 1408 sunt,
1146 1363 1278 1398 scalas
1299 1363 1506 1398 admovent
1536 1363 1711 1408 scriniis,

303 1420 422 1455 libros
469 1421 670 1465 promunt,
702 1417 910 1463 evolvunt,
957 1423 1113 1464 apertos
1152 1418 1306 1455 domino
1345 1419 1533 1454 adferent.
1610 1418 1708 1462 Quid

300 1473 504 1512 dicamus?

415 1553 639 1590 parturiunt
670 1555 835 1588 montes:
869 1557 1053 1590 nascetur
1084 1553 1273 1590 ridiculus
1301 1550 1470 1600 muS.**)

301 1634 344 1668 In
376 1630 608 1668 Ruhnkcnio
641 1631 694 1666 nil
725 1631 814 1666 tale.
875 1631 1011 1675 Omnia
1043 1630 1150 1667 scius
1181 1635 1219 1667 et
1249 1631 1368 1667 tacito
1400 1635 1439 1666 et
1468 1630 1587 1666 facile
1620 1641 1712 1677 per-

206 1685 286 1722 269
307 1689 469 1739 agebat:
501 1687 787 1733 interpellatus,
804 1692 856 1722 *et
887 1687 1039 1733 placide
1071 1687 1315 1734 relinquebat
1344 1698 1468 1738 opus5
1498 1690 1537 1722 et
1567 1687 1711 1723 alacri-

304 1748 362 1780 ter
393 1744 615 1788 repetebat:
644 1743 696 1778 nil
728 1744 913 1788 temporis
948 1743 1147 1778 subsecivi
1186 1742 1312 1789 perire
1343 1743 1498 1786 sinens,
1530 1743 1713 1779 continuo

302 1802 341 1836 in
373 1798 647 1842 bibliothecam
685 1808 729 1834 se
766 1809 877 1834 suam
918 1798 1138 1843 recipiens,
1179 1808 1332 1843 semper
1376 1799 1414 1833 in
1448 1799 1647 1843 procinctu
1675 1803 1713 1833 et

302 1855 471 1891 abeundi
502 1859 540 1889 et
578 1854 790 1901 redeundi,
829 1855 878 1889 ad
915 1859 1121 1899 utrumque
1158 1858 1338 1899 paratus:
1378 1854 1540 1889 laudans
1580 1856 1710 1890 Erne-

303 1915 403 1946 stum
435 1911 526 1946 item
559 1910 814 1945 factitantem.
874 1912 998 1951 Sane,
1040 1910 1104 1954 qui
1146 1910 1286 1945 multos
1327 1913 1365 1944 et
1404 1910 1591 1957 egregios
1629 1910 1713 1946 vult

304 1967 477 2003 scribere
508 1966 641 2011 libros,
674 1965 789 2001 debet
818 1966 1026 2011 temporis,
1058 1970 1250 2010 tamquam
1291 1965 1561 2010 pretiosissimi
1601 1976 1713 2002 sum-

305 2028 390 2068 tus,
444 2024 507 2059 τοῦ
557 2022 862 2059 πολυτελεστάτου
901 2018 1154 2069 ἀναλώματος,
1198 2025 1241 2057 ut
1285 2021 1443 2057 vocavit
1480 2022 1714 2068 Theophra-

306 2075 492 2124 stus‚***)
523 2088 710 2113 summam
739 2077 927 2112 rationem
951 2077 1106 2121 ducere,
1138 2076 1302 2124 eiusque
1332 2081 1370 2112 et
1400 2078 1535 2113 utendi
1566 2088 1713 2124 aequa-

305 2135 420 2171 bilem
452 2134 782 2179 dispensationem
815 2137 970 2183 tenere,
1011 2136 1048 2167 et
1080 2133 1221 2178 perditi
1258 2136 1441 2179 promtam
1480 2144 1714 2180 compensa-

307 2191 450 2227 tionem
479 2200 685 2240 usurpare‚
716 2189 906 2237 diligente
946 2192 984 2224 et
1014 2188 1125 2234 quasi
1160 2190 1410 2225 oeconomica
1448 2190 1601 2235 accepti
1639 2199 1714 2224 ex-

308 2248 496 2292 pensique
531 2246 840 2291 comparatione:
882 2245 998 2280 debet
1035 2254 1128 2280 vero
1175 2245 1213 2280 in
1262 2245 1395 2291 primis
1435 2245 1624 2280 facilitate
1664 2244 1712 2279 ad

308 2302 711 2348 pariundumwaiere,
743 2304 784 2337 ut
814 2300 924 2337 brevi
954 2304 1130 2352 tempore
1158 2301 1317 2336 multum
1348 2300 1505 2336 efficiat.
1551 2301 1714 2337 Utrum-

307 2368 382 2403 que
413 2358 548 2394 habuit
576 2357 847 2393 Ruhnkenius.
907 2357 1036 2404 Igitur
1065 2356 1330 2402 quodcumque
1359 2356 1396 2392 ei
1426 2366 1450 2391 a
1478 2356 1715 2392 necessariis

307 2532 335 2573 ‘)
358 2535 467 2573 Epist.
493 2535 538 2565 ad
562 2532 717 2574 Balbum,
747 2536 947 2573 praemissa
970 2534 1060 2565 libro
1086 2532 1179 2564 Vili.
1205 2533 1247 2563 de
1272 2532 1370 2563 Bello
1395 2531 1543 2563 Gallico.

306 2599 350 2638 ”J
375 2601 497 2631 Horat.
522 2603 599 2633 Art.
622 2600 720 2632 Poe't.
755 2601 834 2632 139.

307 2664 366 2704 ⁸⁸⁸)
392 2668 481 2698 nuic
505 2668 624 2699 tribuit
655 2667 761 2710 Diog.
799 2668 917 2700 Lae'rt.
952 2668 996 2708 V,
1019 2668 1080 2699 40.
1120 2666 1325 2705 Antiphonti
1351 2665 1559 2696 Plutarchus
1584 2667 1620 2696 in
1645 2667 1713 2698 vita

354 2713 494 2744 Antonii·
520 2722 550 2751 p.
569 2712 649 2744 928.
678 2714 721 2742 A.
