1816 3233
667 146 862 188 -153
929 171 982 176 -

122 259 286 307 «tiaeque
331 261 528 296 studiosos
567 261 676 296 cives
718 271 786 306 pro
816 262 1055 297 adversariis
1085 263 1284 299 habendos
1314 274 1403 300 esse
1434 276 1531 301 con-

125 318 298 354 tendunt.
367 317 486 360 Quasi
528 327 618 352 vero
649 317 767 352 solon
799 326 866 351 eos
908 321 1128 354 neutrarum
1160 320 1320 363 partium
1352 320 1529 363 dixisset,

124 374 188 418 qui
220 373 380 417 patriam
412 372 572 408 servari*
592 373 809 419 cupientes,
841 382 886 406 ea
916 374 1025 417 quasi
1065 384 1132 419 per
1162 376 1332 411 morbum
1363 376 1402 410 in
1433 377 1531 411 duas

124 431 251 474 partes
290 429 502 473 distracta,
543 427 689 463 neutris
730 429 1013 473 aegrotantium
1060 429 1099 463 in
1144 431 1264 466 morbi
1305 432 1531 467 societatem

120 485 326 529 accedunt,
356 485 423 519 sed
455 483 531 529 ipsi
562 483 648 518 sani
677 483 900 530 integrique
932 484 1107 529 utrisque
1137 496 1179 519 se
1210 487 1380 522 medicos
1415 498 1532 533 prae-

122 542 234 576 bent:
273 551 321 575 ac
361 549 434 574 non
476 549 568 585 eoS,
600 538 664 583 qui
696 549 894 573 commune
926 540 1139 584 periculum
1172 542 1224 576 nil
1256 543 1303 577 ad
1333 554 1376 578 se
1408 544 1532 588 perti·
1550 540 1631 577 257

123 606 215 631 nere
251 599 479 637 censentes,
523 594 629 629 nulla
673 594 757 629 eius
798 605 891 629 cura
936 599 974 630 et
1013 596 1277 632 sollicitudine
1307 601 1534 645 tanguntur,

123 662 194 686 nec
233 661 311 686 rem
353 660 587 695 operamque
625 650 674 685 ad
714 651 998 694 componendas
1049 651 1138 686 lites
1176 654 1402 689 conferunt:
1450 658 1530 701 aut,

121 707 233 752 quasi
265 716 339 741 non
370 716 440 741 suo
470 707 556 751 ipse
586 706 762 751 exemplo
792 706 1045 751 ostendisset,
1077 717 1189 752 quam
1220 708 1405 745 rationem
1439 721 1531 756 pro-

120 762 242 805 baret,
274 762 447 806 utrisque
478 761 648 807 amicus,
696 762 845 796 neutris
882 763 1088 814 inimicus,
1119 763 1323 799 universos
1353 766 1399 800 ad
1433 777 1531 802 con-

120 818 287 853 cordiam
321 817 518 864 redigens.
578 817 837 852 Ruhnkenius
869 822 1117 864 utrarumque
1144 820 1271 855 socios
1301 821 1467 865 partium
1489 826 1531 858 ut

121 875 228 908 cives
261 874 435 917 amabat,
469 876 529 919 et,
570 873 604 907 si
635 873 719 908 fieri
750 876 904 918 posset,
933 874 979 908 ad
1013 884 1244 910 consensum
1274 877 1530 913 reconciliare

119 929 320 964 studebat:
360 928 588 975 intelligens
629 928 683 963 nil
713 928 866 975 profici,
907 929 1058 964 destitit
1094 940 1117 964 a
1157 941 1255 965 vano
1296 931 1448 967 labore:
1490 937 1529 968 at

122 994 194 1019 non
226 984 376 1020 destitit
406 994 429 1018 a
459 983 607 1028 patriae
637 994 788 1019 amore:
819 994 929 1019 suum
952 985 1038 1030 ipse
1069 986 1240 1020 officium
1259 989 1419 1022 secutus
1449 992 1529 1023 est:

121 1040 330 1085 monendo,
373 1039 566 1084 docendo,
606 1039 801 1084 cavendo,
842 1040 926 1086 egit
963 1041 1061 1086 quod
1102 1042 1279 1086 utrisque
1310 1044 1529 1079 communi-

120 1101 178 1132 ter
208 1096 301 1131 utile
331 1099 454 1131 esset:
484 1096 611 1131 animo
643 1099 681 1130 et
712 1096 910 1131 voluntate
942 1096 1039 1132 favit
1069 1097 1309 1134 melioribus,

235 1164 289 1198 At
320 1172 417 1207 quae
447 1165 538 1196 sunt
567 1162 659 1197 illae
689 1163 870 1197 meliores
900 1161 1062 1207 partes?
1091 1161 1320 1212 Messala*)
1354 1165 1530 1201 laudatus

120 1219 167 1254 ab
198 1219 397 1265 Augusto,
430 1217 528 1262 quod
561 1218 608 1251 ad
640 1218 797 1252 Actium
831 1218 987 1253 fortiter
1018 1229 1083 1263 pro
1114 1220 1198 1265 ipso
1229 1220 1419 1256 adversus
1441 1222 1530 1256 An·-

121 1274 265 1310 tonium
298 1276 534 1320 pugnasset,
563 1273 657 1308 licet
686 1273 878 1308 adversus
906 1274 1033 1319 ipsum
1065 1274 1111 1308 ad
1145 1275 1345 1321 Philippos
1376 1279 1529 1313 acerri-

119 1340 179 1366 me
208 1340 277 1376 pro
310 1330 427 1365 Bruto
447 1328 695 1365 dimicasset:
726 1330 811 1375 Eyo
829 1338 936 1378 vero,
958 1330 1095 1375 inquit,
1124 1341 1279 1377 semper
1297 1329 1363 1376 fui
1387 1334 1527 1368 melio-

118 1395 208 1422 rum
235 1386 429 1432 partium.
490 1385 669 1432 Egregia
700 1387 737 1419 et
770 1385 922 1420 homine
952 1386 1128 1421 Romano
1160 1387 1280 1434 digna
1310 1388 1407 1423 vox!
1468 1390 1528 1424 Ita

118 1443 292 1488 profecto
335 1451 378 1477 se
415 1451 479 1476 res
511 1442 636 1478 habet.
696 1442 970 1487 Pompeianus,
1002 1443 1275 1489 Caesarianus,
1307 1444 1528 1489 mutianus,

119 1497 379 1539 Antonianus,
410 1500 501 1531 sunt
532 1497 724 1532 hominum
757 1500 795 1531 et
825 1501 1018 1532 sectarum
1052 1499 1220 1536 nomina.
1266 1500 1396 1535 Bonus
1427 1500 1527 1536 civis

118 1563 198 1589 rem
230 1554 354 1598 ipsam
385 1555 652 1588 consectatur:
688 1563 764 1588 una
795 1553 832 1587 ei
862 1556 922 1588 est
952 1564 1027 1599 res,
1057 1555 1207 1599 patriae
1236 1556 1358 1591 salus.
1419 1558 1530 1591 Hanc

117 1618 384 1655 quaecumque
414 1611 523 1644 secta
554 1608 720 1643 maxime
750 1612 904 1656 tuetur,
935 1619 1035 1653 quae
1065 1610 1303 1656 honestatis,
1336 1611 1527 1660 iustitiae,

118 1665 249 1712 legum
281 1675 458 1700 caussam
489 1664 679 1710 defendit,
711 1664 927 1713 cupiditati,
958 1665 1134 1709 libidini,
1166 1666 1331 1717 sceleri,
1362 1667 1528 1702 maxime

118 1720 282 1770 resistit,
313 1721 411 1755 hanc
443 1721 592 1765 probat,
623 1719 713 1755 huic
743 1721 867 1754 favet:
898 1719 994 1755 haec
1025 1721 1059 1756 si
1089 1722 1138 1756 ab
1159 1722 1338 1757 instituto
1357 1732 1404 1757 ac
1434 1733 1528 1768 pro-

118 1776 292 1812 fessione
328 1775 484 1811 virtutis
523 1775 578 1809 ad
610 1775 840 1819 prav-itatem
882 1775 1118 1822 degenerat,
1162 1787 1237 1812 non
1277 1778 1403 1813 minus
1444 1789 1526 1814 eam
1545 1781 1626 1819 258

118 1831 263 1868 deserit
301 1841 412 1876 quam
453 1831 501 1867 ab
542 1840 589 1866 ea
630 1830 716 1876 ipse
754 1830 972 1876 deseritur,
1011 1842 1121 1867 suum
1152 1832 1227 1867 iter
1255 1833 1526 1879 persequitur3

117 1890 156 1923 et
185 1887 220 1923 si
252 1897 350 1933 quae
389 1887 467 1922 alia
496 1886 630 1922 existit
661 1886 834 1921 eiusdem
865 1886 1030 1922 instituti
1070 1891 1108 1922 et
1140 1889 1354 1923 communis
1385 1890 1526 1925 salutis

117 1945 275 1988 patrona
306 1954 353 1978 ac
381 1941 684 1989 propugnatrix,
722 1951 805 1976 eam
837 1941 969 1976 laudat
1009 1944 1048 1977 et
1085 1943 1273 1987 sequitur.
1331 1944 1526 1981 Ruhnke-

116 1999 206 2035 nius
237 2001 350 2034 natus
379 1998 417 2033 in
448 1996 667 2042 Germania,
698 1998 770 2032 sub
801 1996 1062 2032 dominatione
1091 1999 1227 2046 regia,
1258 1998 1366 2035 illum
1397 2011 1420 2034 a
1451 2012 1525 2035 na-

117 2057 203 2089 tura
241 2053 317 2089 sibi
356 2054 625 2101 ingeneratum
665 2052 788 2098 pulcri
827 2053 1034 2097 decorique
1074 2064 1233 2090 sensum
1273 2054 1345 2090 iam
1387 2056 1525 2092 adole-

117 2120 233 2145 scens
271 2109 318 2144 ad
349 2108 635 2155 percipiendam
666 2108 862 2144 libertatis
895 2109 1023 2144 civilis
1054 2109 1130 2145 vim
1160 2112 1526 2157 praestantiamque,

117 2166 355 2202 Graecorum
392 2166 727 2209 Romanorumque
766 2165 934 2199 lectione
972 2165 1234 2211 Scriptorum,
1265 2168 1458 2203 convertit
1488 2171 1527 2204 et

117 2221 244 2257 acuit:
274 2231 364 2257 mox
394 2220 441 2255 ad
471 2222 641 2257 Batavos
676 2220 841 2264 delatus,
873 2220 974 2255 hane
993 2221 1068 2255 sibi
1098 2220 1315 2257 libertatem
1337 2233 1526 2268 praesens

115 2276 354 2323 experiundo
393 2287 584 2322 usurpare
624 2276 734 2311 visus
773 2278 852 2311 est:
890 2276 938 2311 ab
986 2286 1032 2312 eo
1081 2276 1172 2312 inde
1221 2281 1392 2324 tempore
1436 2280 1525 2315 illas

118 2336 250 2369 nostra
279 2332 430 2368 demum
468 2335 596 2367 aetate
635 2332 853 2367 celebratas
889 2341 977 2379 reS,
1018 2333 1173 2368 humani
1211 2334 1373 2381 generis
1412 2345 1524 2371 com-

116 2389 360 2437 munionem,
399 2388 506 2434 iura,
548 2387 845 2434 aequalitatem,
885 2390 923 2422 et
960 2387 1087 2424 animo
1127 2390 1273 2436 tenuit,
1314 2394 1353 2426 et
1392 2392 1524 2437 quoti-

117 2444 232 2480 diana
262 2454 348 2480 cum
379 2443 468 2479 aliis
498 2442 780 2479 cousuetudine
810 2435 1046 2479 observavit.
1104 2447 1168 2481 Ae
1188 2456 1248 2481 me
1269 2446 1421 2491 quidem
1448 2458 1522 2484 no-

118 2510 206 2535 vum
243 2499 429 2547 Lugduni
469 2499 656 2535 advenam
688 2498 783 2534 illud
822 2498 861 2534 in
892 2499 1139 2545 Ruhnkenio,
1172 2501 1453 2549 Valckenario,
1485 2508 1524 2539 et

116 2555 312 2601 plerisque
342 2555 465 2591 doctis
496 2555 605 2598 viris,
636 2554 885 2591 manifestum
916 2555 1045 2591 civilis
1076 2558 1322 2602 aequalitatis
1353 2560 1522 2596 studium

114 2716 141 2758 ⁶)
166 2719 339 2751 Plutarch.
366 2722 399 2751 in
424 2721 506 2751 Vita
532 2721 626 2752 Bruti
652 2729 682 2759 p.
712 2719 806 2750 1009.
835 2721 871 2749 B.
