1833 3237
676 206 948 244 -95-

119 317 402 367 aegritudinum
433 328 617 369 caussas,
647 320 815 356 leviores
846 319 1013 367 quidem,
1042 319 1110 355 sed
1143 322 1268 356 tamen
1299 318 1399 355 haud
1432 329 1516 355 me-

119 375 263 411 diocris
293 375 380 410 illas
409 378 591 412 momenti
620 376 666 411 ad
697 376 988 422 deprimendum
1019 376 1207 422 animum,
1236 376 1267 412 si
1285 369 1344 412 ‘ad
1375 376 1517 424 gravi-

115 441 223 467 orum
255 431 403 477 pondus
437 433 697 468 calamitatum
728 432 982 468 accesserint.
1015 434 1198 468 Homines
1219 433 1371 479 quidam
1403 433 1518 477 docti,

119 488 254 532 partim
292 488 461 534 inimici,
501 489 637 534 partim
678 489 832 524 laudum
873 488 957 524 eius
988 489 1290 537 obtrectatores,
1329 489 1366 525 in
1406 489 1516 525 libris

116 544 268 588 publice
299 545 415 580 editis
447 556 531 580 cum
561 545 771 581 acerbitate
801 548 839 580 et
860 544 1131 580 malevolentia
1162 545 1200 580 in
1232 557 1317 581 eum
1347 546 1516 581 invehe-

113 600 264 635 bantur.
322 602 416 637 Erat
445 601 597 636 illorum
638 606 849 646 temporum
883 601 1055 646 aequalis
1097 602 1343 638 Christianus
1385 602 1516 638 Adol-

114 656 215 701 phus
244 656 438 703 Klotzius,
479 658 588 693 homo
619 658 895 704 perelegantis,
935 657 1003 697 sed
1033 657 1197 702 inquieti
1228 664 1265 693 ct
1295 659 1515 694 contentio-

116 713 169 759 si,
211 712 382 760 ingenii:
423 714 488 759 qui
519 724 588 760 per
619 714 770 749 libellos
797 725 881 749 cum
916 716 1130 750 Burmanno
1172 714 1309 749 bellum
1341 716 1516 762 gerebat,

114 768 322 814 sociosque
351 769 426 805 sibi
457 772 664 806 Ernestum
696 775 732 805 et
759 770 1031 806 Ruhnkenium
1064 770 1279 818 adiungere
1310 772 1513 815 cupiebat:

113 834 273 869 quorum
305 825 344 861 in
383 829 546 872 utroque
585 829 730 862 frustra
761 828 848 862 fuit.
907 827 1189 869 Ruhnkenius‚
1234 837 1460 872 quamquam
1492 838 1515 862 a

113 881 332 916 Burmanno
364 882 517 927 laesus,
559 887 682 917 tamen
716 893 787 918 nec
817 883 959 918 bellum
991 883 1166 930 volebat,
1210 894 1280 918 nec
1320 884 1512 919 vindicem

112 936 399 973 adolescentem
437 948 575 973 recens
615 939 850 986 evolantem,
890 939 927 973 in
969 939 1132 982 quodvis
1163 943 1433 986 argumentum
1477 943 1516 975 et

113 992 272 1038 quosvis
303 993 476 1031 homines
505 994 753 1043 involantem,
785 995 869 1039 ipse
900 994 973 1029 iam
1001 998 1207 1030 veteranus
1239 999 1277 1030 et
1308 998 1514 1031 accuratae

114 1048 328 1098 doetrinae,
358 1053 551 1096 tamquam
581 1051 718 1096 gravis
749 1055 966 1086 armaturae
998 1061 1069 1086 nec
1088 1051 1302 1097 velitariae,
1339 1052 1514 1087 ordinem

114 1104 275 1142 ducens.
337 1108 420 1142 Huc
449 1107 672 1154 accedebat,
704 1107 804 1152 quod
834 1107 959 1152 ipsius
990 1107 1126 1155 amico,
1156 1108 1297 1143 Iacobo
1328 1108 1518 1144 Frederi-

113 1171 160 1196 co
191 1161 463 1209 Heusingero,
493 1163 635 1208 aliquid
668 1163 909 1209 inimicitiae,
941 1167 982 1198 ut
1012 1174 1130 1209 supra
1161 1163 1264 1209 dixi,
1296 1174 1380 1199 cum
1412 1165 1515 1200 Klo-

109 1217 190 1252 tzio
219 1217 386 1255 suberat.
411 1217 452 1265 *J
482 1220 607 1266 Igitur
636 1219 700 1254 hic
731 1229 805 1254 non
837 1220 1038 1255 desinebat
1068 1221 1276 1255 Ernestum
1305 1224 1342 1255 et
1372 1221 1515 1256 Ruhn—

111 1272 267 1308 kenium
307 1273 524 1310 lacessere:
565 1278 648 1310 erat
688 1275 789 1310 enim
827 1285 872 1310 eo
903 1275 1084 1322 ingenio,
1125 1279 1166 1310 ut
1196 1275 1345 1311 medios
1386 1277 1515 1323 etiam,

112 1339 159 1364 ac
189 1332 364 1366 neutram
395 1335 541 1376 partem
573 1335 802 1376 sequentes,
835 1332 1002 1366 hostium
1037 1341 1193 1367 numero
1224 1332 1394 1369 haberet.
1453 1332 1515 1370 U·-

111 1388 247 1431 terque
277 1387 443 1425 tacebat.
504 1388 654 1423 Norant
684 1388 808 1433 enim,
849 1398 894 1423 se
925 1387 1029 1423 nulla
1059 1398 1100 1423 re
1140 1388 1220 1423 alia
1252 1388 1326 1424 nisi
1358 1388 1514 1424 silentio

111 1442 252 1478 ulcisci
283 1453 398 1489 posse
430 1444 642 1496 hominem,
687 1444 752 1489 qui
782 1444 918 1490 quovis
951 1447 1062 1489 pacto
1098 1444 1133 1480 in
1166 1444 1387 1480 alterutram
1419 1456 1515 1491 par-

113 1500 214 1545 tem,
253 1500 338 1534 sive
363 1501 511 1536 amicus
542 1501 627 1536 sive
659 1501 804 1547 hostis,
845 1500 1033 1536 nominari
1063 1511 1110 1536 ac
1150 1502 1351 1537 memorari
1384 1502 1524 1546 vellet(

66 1568 76 1576 -
115 1564 239 1599 neque
269 1555 474 1601 quidquam
497 1557 666 1602 iniquius
694 1559 813 1592 ferret
841 1567 951 1602 quam
981 1558 1102 1592 taceri
1133 1568 1176 1592 se
1202 1558 1422 1603 nullamque
1451 1559 1513 1594 sui

113 1611 299 1646 rationem
340 1612 484 1649 haberi.
546 1614 670 1660 Igitur
700 1613 855 1658 scripsit
886 1613 1046 1657 alicubi,
1085 1615 1292 1649 Ernestum
1334 1615 1436 1649 nullo
1476 1614 1511 1649 in

1530 437 1609 476 159

113 1677 271 1717 numero
308 1669 635 1710 esse·crincu1n,
676 1670 738 1715 qui
771 1669 822 1704 nil
853 1669 925 1703 nisi
965 1670 1120 1705 notulas
1158 1671 1391 1716 adsperyere
1422 1672 1511 1706 Au-
1526 1669 1607 1708 160

111 1723 283 1759 ctoribus
314 1724 451 1760 sciret:
493 1725 593 1760 hanc
624 1726 722 1761 enim
755 1725 959 1761 dictionem
999 1728 1190 1761 Ernestus
1221 1726 1255 1760 in
1287 1727 1398 1762 titulo
1430 1729 1514 1762 Ho-

111 1780 278 1815 mericae
307 1780 489 1816 editionis
531 1786 723 1826 posuerat.
786 1781 1009 1817 Ruhnkenii
1048 1784 1174 1816 autem
1205 1782 1514 1827 reprehendendi

111 1836 355 1872 occasionem
397 1836 559 1882 arripuit
594 1837 792 1883 prodenda
822 1837 861 1872 in
898 1837 997 1872 actis
1037 1837 1239 1873 Literariis
1278 1834 1336 1884 **)
1383 1839 1513 1884 iniqua

112 1894 152 1928 et
181 1892 370 1928 malevola
408 1903 574 1928 censura
606 1894 892 1929 Amoenitatum
934 1894 1210 1929 Literariarum
1238 1894 1513 1931 Medenbachii

113 1948 322 1993 Wakkeri‚
353 1949 508 1985 iuvenis
528 1950 760 1995 doctissimi,
792 1960 894 1984 nunc
923 1950 1129 1984 Zwollano
1159 1952 1371 1994 Gymnasio
1393 1963 1512 1997 prae-

111 2004 206 2040 fecti
235 2006 489 2050 meritissimi,
528 2005 592 2050 qui
622 2005 855 2041 Ruhnkenio
886 2005 1129 2050 praeceptori
1160 2017 1229 2041 suo
1261 2006 1363 2042 hunc
1393 2008 1512 2044 libel-

113 2060 190 2096 lum
221 2061 486 2107 inscripserat.
545 2062 686 2097 Paucis
716 2061 913 2096 mensibus
945 2062 1156 2097 interiectis
1193 2063 1286 2098 obiit
1315 2064 1511 2109 monins,

113 2116 270 2152 dubium
301 2117 486 2153 maiorine
515 2118 732 2153 Literarum
763 2119 861 2153 bono
891 2128 938 2153 an
967 2118 1122 2154 damno:
1153 2119 1263 2164 bono,
1294 2121 1328 2155 si
1359 2121 1512 2165 quidem

112 2173 151 2208 in
189 2173 321 2209 eadem
353 2174 589 2209 lacessendi.
614 2174 774 2209 libidine
805 2180 1119 2220 perseverasset:
1160 2176 1272 2217 malo,
1304 2177 1446 2222 quippe
1476 2176 1512 2212 si

112 2229 319 2274 aliquando
361 2230 643 2276 deferbuisset,
693 2231 738 2266 ad
780 2230 1050 2275 sanioremque
1090 2231 1275 2266 rationem
1317 2233 1513 2278 rediisset,

93 2295 292 2333 -magnum
323 2287 466 2323 Literis
497 2287 793 2324 emolumentum
825 2288 993 2323 futurus.
1041 2287 1175 2322 Secuti
1206 2291 1295 2323 sunt
1325 2288 1511 2335 deinceps

113 2342 177 2378 alii
226 2344 523 2389 reprehensores
562 2343 688 2390 magis
730 2343 859 2378 acerbi
902 2353 1013 2387 quam
1054 2343 1211 2387 festivi,
1270 2345 1511 2381 Burmannus

114 2398 379 2447 Anthologiae
426 2400 590 2437 Latinae
634 2398 829 2434 volumine
867 2399 1012 2445 altero,
1051 2395 1129 2446 ***)
1180 2400 1424 2438 Schraderus
1470 2402 1510 2438 in

110 2505 142 2544 ’)
168 2507 246 2539 Vid.
271 2517 378 2548 supra
403 2519 480 2550 pag.
508 2510 583 2542 126.
609 2510 661 2541 ed.
687 2518 733 2550 pr.
771 2510 844 2540 ΕΒ.
866 2525 900 2532 -
919 2509 973 2541 Cf.
998 2510 1114 2542 Iacob.
1139 2511 1198 2543 Fr.
1230 2512 1443 2550 Heusinger-i
1467 2513 1508 2543 ad

159 2554 316 2585 Mallium
342 2556 562 2588 Theodorum
596 2555 638 2585 de
663 2555 783 2586 metris
808 2555 1000 2594 appendix:
1032 2556 1090 2587 Ad
1112 2557 1296 2588 vindicias
1318 2557 1508 2597 fraumen-

157 2598 280 2630 torum
312 2599 462 2642 Nepotis
486 2602 666 2638 accessio3
703 2608 734 2638 p.
770 2601 844 2631 155.
872 2601 966 2630 illins
997 2601 1172 2632 editionis.
1202 2602 1509 2633 *LINDEMANN

109 2639 154 2682 ⁸‘)
180 2643 260 2674 Vol.
284 2645 343 2675 VI.
369 2647 407 2677 P.
431 2646 490 2678 ΠΙ.
518 2657 548 2686 p.
573 2645 636 2676 331
662 2662 705 2667 —
735 2646 812 2676 336.
864 2645 1099 2676 BERGMAN.

112 2685 165 2724 w)
191 2689 382 2731 Pag.482.5
393 2695 428 2723 et
447 2692 521 2722 745.
549 2691 752 2728 significans
776 2691 892 2721 locum
917 2691 1036 2730 Elogii
1056 2692 1253 2723 Hemsterh.
1281 2691 1323 2723 de
1348 2692 1506 2730 perfecto

157 2732 305 2774 Critian,
329 2736 555 2768 Geometriae
579 2740 615 2766 et
638 2736 884 2773 Philosophiae
910 2744 977 2767 non
1000 2738 1138 2776 ignaro,
1162 2746 1193 2776 p.
1217 2737 1262 2767 32
1279 2754 1306 2759 —
1323 2738 1377 2767 36.
1406 2738 1504 2776 [Vol.

155 2777 182 2809 1.
209 2787 287 2819 pag.
312 2780 390 2811 232.
424 2790 497 2822 sqq.
522 2781 574 2812 ed.
600 2782 665 2818 m.]
714 2788 757 2811 ac
782 2782 934 2812 sortasse
958 2783 1063 2812 etiam
1088 2782 1129 2812 N.
1153 2782 1291 2813 Heinsii
1315 2790 1392 2814 cum
1418 2783 1505 2814 Bur-

152 2832 278 2856 manno
303 2829 599 2865 comparationem
626 2834 656 2864 p.
682 2825 740 2857 14.
767 2828 864 2867 [pag.
895 2835 939 2858 m.
964 2827 1064 2865 215]
1111 2827 1347 2859 BERGMAN.
